2460 3848
426 187 580 256 01.117‚2:
601 193 651 242 311
667 187 766 243 ασω.
1043 191 1107 258 175

86 336 314 420 διημαρτηκός.
355 335 409 399 διὸ
432 334 488 399 καὶ
509 343 577 398 τῶν
598 333 896 416 ἀναγινωσκόντων
916 335 975 411 τοὶς
996 335 1107 400 τοιαύ-
1126 352 1142 401 4

85 465 143 518 τας
171 443 394 527 πραγματείας
421 441 455 506 οἱ
480 440 542 523 μὲν
569 439 813 525 ὑπερβαίνουσι
839 443 898 519 τάς
925 441 1107 527 ῥητορείας,

84 548 148 614 κάν
176 549 260 626 ὅλως
288 547 518 632 ἐπιτετεῦχθαι
546 545 699 632 δόξωσιν,
729 550 762 614 οἱ
791 549 829 614 δὲ
857 549 914 614 διά
940 550 978 614 τὸ
1005 559 1108 633 μῆκος

84 656 140 721 καὶ
157 656 219 739 τῆν
238 655 392 741 ἀκαιρίαν
408 663 468 719 τοῦ
484 655 703 741 συγγραφέως
717 654 915 733 ἐκλυθέντες
928 657 987 732 τάς
999 657 1108 740 ψυχάς

53 783 66 824 τ
84 763 122 827 τὸ
145 761 303 847 παράπαν
326 760 526 846 ἀφίστανται
548 771 607 846 τῆς
629 761 862 846 ἀναγνώσεως,
890 762 953 827 οὐκ
980 760 1108 846 ἀλόγως

84 876 183 933 τοῦτο
211 869 406 953 πάσχοντες·
434 869 472 933 τὸ
498 870 563 955 γάρ
590 879 649 954 τῆς
678 870 824 954 ἱστορίας
850 868 948 952 γένος
978 869 1142 936 άπλοῦνσ

85 974 154 1041 ἐστι
180 977 237 1041 καὶ
265 975 416 1061 συμφυὲς
444 974 612 1062 αὐτῷκαὶ
638 978 676 1042 τὸ
705 976 851 1041 σύνολον
879 975 1014 1064 ἐμψύχῳ
1045 977 1107 1043 σώ·

84 1107 161 1166 ματι
183 1086 426 1170 παραπλήσιον,
455 1077 495 1147 οὗ
518 1083 555 1147 τὸ
579 1082 640 1165 μὲν
663 1081 915 1167 ἐσπαραγμένον
937 1081 1108 1168 ἐστέρηται

29 1200 147 1275 εοττῆς
168 1199 311 1274 ψυχικῆς
337 1189 486 1275 χάριτος,
513 1190 551 1254 τὸ
578 1189 616 1254 δὲ
643 1191 705 1274 τῆν
732 1189 917 1273 ἀναγκαίαν
943 1191 1108 1256 σύνθεσιν

39 1315 66 1360 10
85 1293 162 1382 ἔχον
195 1297 357 1383 εὐκαίρως
387 1299 560 1382 τετήρηται
592 1297 648 1361 καὶ
679 1307 725 1383 τῷ
758 1307 907 1382 συμφυεῖ
940 1306 998 1380 τῆς
1030 1298 1108 1382 ὅλης

83 1414 293 1490 περιγραφῆς
311 1402 468 1488 ἐπιτερπῆ
487 1404 543 1468 τιαὶ
561 1412 652 1488 σαφῆ
672 1405 850 1488 παρίστησι
872 1405 934 1488 τῆν
958 1403 1107 1487 ἀνάγνω-

84 1527 148 1576 σιν.
186 1510 227 1576 οὐ
245 1512 312 1595 μην
329 1514 499 1587 παντελῶς
516 1532 555 1592 γε
573 1512 652 1587 τούς
670 1511 867 1597 ῥητορικοὺς
888 1512 1009 1594 λόγους
1027 1509 1107 1576 ἀπο·
1125 1510 1146 1573 2

84 1617 315 1701 δοκιμάζοντες
338 1615 541 1699 ἐκβάλλομεν
559 1614 596 1682 ἐκ
619 1627 677 1701 τῆς
702 1618 868 1704 ἱστορικῆς
885 1620 1108 1704 πραγματείας

83 1726 121 1790 τὸ
140 1724 309 1811 παράπαν·
334 1722 536 1809 ὀφειλούσης
556 1724 622 1808 γάρ
645 1734 703 1809 τῆς
727 1725 873 1811 ἱστορίας
895 1734 936 1810 τῆ
960 1726 1107 1812 ποικιλία

40 1851 65 1892 ιε
84 1838 311 1916 κεκοσμῆσθαι
333 1827 403 1896 κατ’
422 1828 534 1907 ἐνίους
556 1831 679 1908 τόπους
703 1831 829 1915 ἀνάγκη
857 1832 1107 1918 προσλαμβάνε·

85 1945 167 2004 σθαι
195 1939 252 2003 ιιαὶ
280 1939 359 2015 τούς
388 1936 562 2014 τοιούτους
592 1939 714 2021 λόγους
742 1975 786 1984 -
816 1939 872 2003 καὶ
901 1939 1021 2024 ταύτης
1049 1949 1108 2022 τῆς

84 2045 254 2131 εὐκαιρίας
277 2041 350 2109 οὐδ’
369 2044 412 2109 ἀν
435 2043 578 2127 ἐμαυτὸν
598 2043 822 2129 ἀποστερῆσαι
839 2047 1047 2129 βουληθείην
1063 2083 1107 2092 -

84 2152 171 2217 ὥσθ’
192 2152 273 2217 όταν
299 2153 340 2216 τδι
366 2158 426 2235 τῆς
452 2149 674 2235 περιστάσεως
702 2150 822 2236 ἀπαιτῆ
851 2154 1058 2238 πρεσβευτοῦ
1085 2151 1106 2235 ἣ

84 2259 278 2342 συμβούλου
307 2259 515 2342 δημηγορίαν
543 2257 564 2341 ῆ
595 2268 663 2322 τῦν
692 2259 803 2323 ἀλλων
832 2282 864 2323 τι
893 2267 1057 2341 τοιοῦτον,
1088 2257 1105 2323 ὁ

39 2387 66 2426 εο
83 2367 127 2450 μῆ
159 2362 411 2452 τεθαρρηκότως
443 2365 719 2448 συγκαταβαίνων
748 2367 833 2452 πρὸς
864 2367 943 2442 τοῦς
972 2363 1010 2429 ἐν
1037 2373 1107 2441 τοίς

84 2473 196 2555 λόγοις
219 2472 350 2557 ἀγῶνας
371 2472 428 2537 καὶ
451 2471 551 2548 αὐτὸς
572 2470 726 2549 ὑπαίτιος
749 2471 869 2558 ἀνείη.
907 2471 968 2537 οὐκ
992 2472 1106 2557 ὀλίγας
1124 2489 1140 2537 2

83 2580 147 2664 γάρ
175 2580 218 2644 ἀν
244 2601 294 2656 τις
322 2581 428 2656 αίτίας
455 2578 563 2665 εὐροι,
593 2575 672 2644 καθ’
695 2578 734 2656 ἃς
761 2580 843 2644 κατά
870 2580 977 2644 πολλά
1005 2579 1106 2663 ἀναγ-

83 2687 184 2763 καίως
206 2689 505 2771 παραληφθήσεται
527 2687 568 2750 τά
590 2691 649 2770 τῆς
673 2686 856 2773 ῥητορείας·
885 2686 906 2770 ἣ
933 2688 997 2773 γάρ
1026 2691 1106 2751 πολ-

84 2797 153 2858 λῶν
181 2792 364 2879 εἰρημένων
393 2793 557 2877 εὐστόχως
582 2793 638 2857 καὶ
665 2798 773 2869 καλῶς
800 2792 840 2857 οὐ
864 2792 1106 2879 παραλειπτέον

39 2920 65 2961 ιι
84 2897 128 2964 δι’
146 2899 326 2986 ὀλιγωρίαν
343 2903 384 2965 τά
406 2903 535 2983 μνῆμης
558 2896 633 2977 ἀξια
654 2899 711 2964 καὶ
732 2907 772 2984 τῆ
799 2900 928 2987 ἱστορία
951 2897 1105 2985 κεκραμέ-

83 3030 148 3090 νην
180 3003 298 3091 έχοντα
329 3007 391 3090 τῆν
423 3007 598 3092 ὠφέλειαν,
630 3006 651 3090 ἢ
682 3006 836 3090 μεγάλων
863 3006 919 3071 καὶ
946 3010 1105 3090 λαμπρῶν

83 3124 151 3179 τῶν
177 3112 376 3180 ὐποθέσεων
404 3113 515 3179 οὐσῶν
543 3113 583 3178 οὐ
611 3113 827 3200 περιορατέον
854 3111 1013 3178 ἐλάττονα
1038 3121 1105 3177 τῶν

157 3272 171 3325 7
196 3273 271 3344 αὐτῷ
293 3271 349 3324 XF.
422 3270 457 3325 10
479 3290 508 3324 τε
529 3269 638 3340 εἴρηται
656 3271 771 3336 Reiske3
795 3291 823 3325 τε
842 3277 966 3339 τηρεῖται
984 3269 1105 3324 Madv.I

82 3360 111 3411 p.
130 3347 191 3397 512.
256 3343 291 3397 17
310 3343 466 3412 ἀποστῆσαι
484 3343 514 3409 F,
534 3359 603 3397 corr.
624 3349 648 3397 2.
662 3361 699 3397 m.
761 3342 797 3397 18
815 3341 996 3412 πρεσβευτοῦ]
1016 3360 1104 3409 πραγ-

83 3422 202 3483 ματικοῦ
221 3411 304 3484 λόγου
318 3414 348 3481 F,
364 3431 432 3469 corr.
448 3420 472 3466 2.
483 3431 519 3469 m.
589 3413 623 3468 1⁰
641 3422 697 3469 τῶν
716 3412 805 3468 ἀλλων
824 3421 880 3467 τῶν
897 3413 1031 3467 τοιούτων
1045 3411 1110 3462 RK.

84 3485 120 3539 23
138 3482 270 3556 ῥητορίας
287 3484 317 3539 F.
390 3485 433 3540 25.
449 3485 484 3539 26
507 3485 556 3540 καὶ
578 3484 615 3540 τά
636 3482 777 3554 ὠφέλειαν
796 3489 837 3554 εἴη
848 3480 972 3550 ἱστουὶιη
986 3491 1133 3536 mmm·

81 3553 171 3624 μένην
188 3555 289 3626 έχοντα
305 3555 339 3612 X.
378 3555 594 3632 κεκρατημένην
611 3558 642 3615 R
660 3562 750 3631 Rem.
767 3563 798 3610 Χ.
808 3555 865 3621 τεὴ
876 3551 922 3603 ἲ.
