2460 3848
144 206 210 270 290
458 202 461 209 '
509 201 684 256 θωπικαὶ(
698 207 794 256 εεοε,

107 369 122 415 2
143 353 267 413 στεῖλαι
295 359 339 433 τῶ
363 349 556 434 Δημητρίῳ·
587 348 626 411 οὑ
655 349 887 431 προσεχόντων
913 348 945 411 δ’
966 348 1078 412 αὐτῶν
1101 348 1164 412 ἀπ-

142 455 268 521 έστειλέ
287 477 362 519 τινα
384 465 453 519 τῶν
476 465 669 537 στρατηγῶν
688 456 769 536 μετὰ
787 463 885 537 νεῶν,
904 453 1066 532 συντάξας
1083 457 1164 532 τοὺς

141 561 302 639 πλέοντας
334 562 382 637 είς
409 560 583 643 Αἴγυπτον
615 560 651 626 ἐκ
682 570 740 644 τής
772 558 886 627 Ῥόδου
920 561 1075 644 κατάγειν
1106 564 1164 628 καὶ

141 674 387 753 περιαιρεῖσθαι
409 666 460 732 τά
473 669 602 753 φορτία.
652 669 773 733 τούτου
797 667 828 732 δ’
850 665 1073 751 ἐκβληθέντος
1094 668 1162 735 ὑπὸ

141 787 208 841 τῶν
231 773 366 840 Ῥοδίων
389 778 498 857 φήσας
521 775 643 852 αὐτοὺς
666 775 783 840 ἀδίκου
807 781 992 859 κατῆρχθαι
1015 774 1162 857 πολέμου
1197 797 1210 838 τ

141 883 373 966 διηπειλήσατο
392 885 626 966 πολιορκήσειν
644 882 827 964 δυνάμεσιν
846 881 963 967 ἁδραῖς
978 883 1040 966 τήν
1052 884 1163 947 πόλιν.

141 989 173 1053 ολ
196 988 234 1053 δέ
252 987 372 1053 Ῥόδιοι
393 989 431 1053 τὸ
454 987 515 1069 μὲν
533 999 667 1073 πρῶτον
685 987 892 1073 ἐφηφίσδντο
911 989 1054 1073 μεγάλας
1072 988 1162 1076 αὑτῶ

140 1097 234 1178 τιμάς
265 1095 321 1160 καί
352 1094 539 1177 πέμψαντες
570 1094 725 1179 πρέσβεις
756 1094 873 1178 ήξίουν
904 1097 947 1179 μή
978 1095 1163 1178 βιάσασθαι

140 1204 201 1286 τήν
224 1204 323 1268 πόλιν
345 1211 527 1287 προπεσεῖν
546 1203 635 1288 παρά
653 1204 712 1279 τὰς
730 1207 902 1287 συνθήκας
921 1204 968 1278 είς
986 1204 1049 1268 τὸν
1064 1204 1162 1267 πόλε-

105 1329 203 1391 3μον
230 1311 314 1394 πρὸς
343 1313 513 1391 Πτολεμαῖ
513 1332 561 1373 ον.
606 1310 810 1393 τραχύτερον
839 1309 876 1374 δὲ
905 1319 966 1374 τοῦ
995 1305 1209 1391 βασιλέως
1163 1367 1217 1416 465

75 1435 78 1450 ¹
140 1416 352 1493 ἀπαντῶντος
374 1416 480 1481 καὶ
449 1439 510 1481 τον
527 1417 605 1480 υἱὸν
623 1419 817 1501 Δημήτριον
836 1415 1062 1497 ἐκπέμψαντος
1080 1418 1162 1498 μετὰ

139 1523 310 1606 δυνάμεως
333 1524 388 1588 καλ
411 1528 673 1605 πολιορκητικῶν
696 1522 850 1607 ὀργάνων
874 1522 1082 1607 φοβηθέντες
1099 1524 1163 1606 τήν

138 1629 308 1714 ὑπεροχήν
326 1638 386 1693 τοῦ
405 1627 565 1711 βασιλέως
582 1630 620 1695 τὸ
639 1629 700 1710 μέν
718 1641 852 1715 πρῶτον
868 1630 1064 1696 ἀπέστειλαν
1077 1631 1163 1715 πρὸς

139 1737 199 1802 τὸν
235 1738 439 1820 Δημήτριον,
477 1739 642 1820 φήσαντες
678 1740 945 1821 συμπολεμήσειν
981 1735 1161 1824 Ἀντηόνφ

139 1846 222 1927 πρὸς
245 1847 466 1924 Πτολεμαῖον·
498 1842 543 1919 ὡς
565 1839 596 1906 δ’
619 1841 744 1920 ἐκεῖνος
772 1843 917 1928 ὁμήρους
944 1841 1062 1908 ἐκατὸν
1089 1840 1163 1933 ήτει
1181 1866 1207 1906 ιε

138 1952 217 2026 τοὺς
249 1947 531 2033 ἐπιφανεστάτους
565 1950 621 2014 καί
656 1960 726 2027 τοῖς
762 1949 870 2031 λιμέσι
907 1950 1064 2034 δέχεσθαι
1096 1952 1163 2015 τὸν

139 2058 259 2121 στόλον
287 2055 516 2140 προσέταττεν,
545 2055 770 2138 ὑπολαβόντες
797 2055 1028 2139 ἐπιβουλεύειν
1056 2057 1162 2122 αὐτὸν

103 2182 119 2227 4
139 2172 177 2248 τῇ
197 2165 305 2245 πόλει,
323 2165 364 2227 τά
382 2163 465 2248 πρὸς
483 2164 628 2244 πόλεμον
646 2164 936 2250 παρεσκευάζοντο.
969 2166 1161 2248 Δημήτριος

138 2270 176 2335 δέ
199 2278 309 2334 πάσαν
331 2272 393 2353 τήν
416 2269 561 2350 δύναμιν
583 2269 748 2355 ἀθροίσας
770 2271 817 2347 είς
839 2272 899 2335 τὸν
922 2268 959 2335 ἐν
982 2271 1162 2355 Λωρύμοις

139 2376 254 2457 λιμένα
278 2378 398 2441 στόλον
421 2373 556 2461 ἐξήρτυε
578 2378 661 2461 πρὸς
684 2379 744 2442 τὸν
764 2375 929 2442 ἐπίπλουν
946 2378 1006 2442 τὸν
1025 2376 1080 2442 ἐπλ
1097 2379 1161 2462 τήν
1180 2399 1207 2438 το

135 2481 256 2548 Ῥόδον.
307 2476 373 2567 εἶχε
405 2481 443 2547 δὲ
474 2491 557 2559 ναῦς
589 2485 715 2569 μακράς
745 2484 807 2565 μὲν
836 2485 995 2561 παντοίας
1023 2484 1161 2567 μεγέθει

139 2590 323 2671 διακοσίας,
354 2589 536 2674 ὑπηρετικὰ
568 2590 605 2654 δέ
637 2593 737 2656 πλείω
770 2601 838 2655 τῶν
870 2589 987 2655 ἑκατὸν
1019 2589 1161 2676 ἑβδομή-

138 2714 252 2760 κοντα·
289 2694 326 2760 ἐν
363 2695 401 2760 δὲ
436 2697 566 2775 τούτοις
598 2696 786 2780 ἐκομίζοντο
824 2708 1019 2782 στρατιῶται
1050 2701 1159 2784 βραχὺ

139 2805 327 2885 λειπόμενοι
354 2813 422 2868 τῶν
452 2805 733 2888 τετρακισμυρίων
761 2806 825 2869 σὺν
854 2805 989 2869 ἱππεῦσι
1011 2805 1066 2870 καλ
1088 2815 1161 2883 τοῖς

139 2920 346 2994 συμμαχοῦσι
364 2920 541 2995 πειραταῖς.
573 2910 700 2995 ὑπῆρχε
723 2911 761 2976 δέ
782 2911 839 2975 καλ
860 2915 969 2993 βελῶν
989 2914 1160 2978 παντοίων
1179 2935 1207 2975 ιτ

137 3022 268 3102 πλῆθος
298 3016 354 3081 καὶ
385 3016 520 3082 πάντων
551 3028 619 3083 τῶν
650 3019 733 3103 πρὸς
762 3020 959 3103 πολιορκίαν
987 3020 1159 3103 χρησίμων

103 3142 118 3187 5
137 3125 261 3207 μεγάλη
291 3128 490 3208 παρασκευή
514 3123 703 3209 ’χωρλςδέ
730 3125 858 3190 τούτων
887 3124 1034 3190 ίδιωτικά
1056 3127 1160 3210 πόρια

209 3281 320 3334 Ῑαύτῶ
334 3281 364 3335 F.
438 3281 645 3349 θπροσπεσεῑν
668 3281 747 3346 libri;
771 3299 840 3336 corr
860 3281 943 3336 Dind
1021 3282 1056 3336 12
1078 3285 1159 3337 πολι-

137 3352 270 3407 τικῶνδ.
343 3352 378 3406 19
401 3360 496 3406 πᾶσαν
518 3353 568 3421 μὲν
591 3353 686 3422 τὴνδ.
705 3353 763 3406 RX.
819 3353 850 3408 έν
875 3355 1054 3422 Ελωρύμνοις
1076 3353 1158 3421 libri;

125 3439 195 3474 σοιν.
211 3423 319 3490 Palm,-
339 3425 375 3479 cf.
390 3423 458 3478 XIV
471 3429 515 3491 83
525 3431 542 3478 4
561 3423 622 3494 (ub1
635 3425 738 3494 Δωρυ
739 3445 757 3477 α
777 3425 880 3493 codd.);
900 3425 1019 3480 Mueller
1032 3425 1070 3478 ad
1083 3425 1158 3480 Ptol

117 3489 177 3555 1⁷2,
196 3499 221 3547 8
283 3467 323 3552 23
341 3497 391 3553 ε’ττλ
407 3506 461 3570 τῆς
476 3468 625 3555 ΡάδονΕ.
679 3496 717 3551 21
720 3445 767 3550 μδο
778 3496 902 3551 numme
919 3497 956 3548 οἳ
964 3496 1072 3549 &mh
1087 3496 1157 3550 [ΠΙ

90 3575 123 3624 Ρ
140 3567 243 3619 162κ.
257 3573 284 3624 3.
367 3571 405 3628 22
424 3519 610 3646 ὑπηρετικὰς
628 3570 663 3626 X.
738 3569 772 3623 ὑλ
795 3566 947 3635 πορεῖαῖ.
