2460 3848
434 213 475 268 01.
487 218 587 279 118‚2:
607 217 658 267 εοτ
674 229 699 268 a.
710 212 772 267 chr.
1046 217 1110 284 257

40 417 42 421 ,
94 357 243 436 ἐλπίδας·
270 355 475 443 Ἀγαθοκλῆς
502 359 540 424 δὲ
568 365 627 444 τῆς
655 358 759 443 μάχης
789 359 863 444 άρτι
892 360 1112 444 γεγενημένης

94 467 321 543 καταπλεύσας
339 472 397 549 τῆς
415 467 570 543 Σικελίας
592 468 640 542 είς
657 470 866 532 Σελινοῦντα
884 464 1111 552 Ἡρακλεώτας

94 572 155 655 μὲν
183 573 455 657 ἠλευθερωκότας
483 574 545 657 τήν
573 575 673 638 πόλιν
701 573 868 657 ἠνάγκασε
900 573 1001 639 πάλιν
1030 573 1111 639 ύπο-

94 679 282 765 τάττεσθαι,
304 681 484 766 παρελθὼν
503 680 540 745 δὲ
563 678 617 746 ἐπὶ
639 679 786 766 θάτερον
803 679 902 766 μέρος
924 687 983 766 τῆς
1005 684 1110 765 νήσου

63 806 74 846 ε
96 788 258 873 Θερμίτας
275 787 337 869 μὲν
354 789 646 872 προσαγαγόμενος
662 787 899 864 ὑποσπόνδους
917 787 1025 873 άφῆκε
1044 798 1111 853 τῶν

94 894 337 978 Καρχηδονίων
359 894 603 979 φρουρούντων
625 894 750 978 ταύτην
772 896 833 979 τήν
860 897 970 979 πόλιν,
997 899 1112 980 Κεφα-

94 1001 223 1066 λοίδιον
253 1000 291 1065 δὲ
319 999 576 1086 ἐκπολιορκήσας
603 1003 772 1086 Λεπτίνην
801 1001 863 1084 μὲν
891 1003 1013 1086 ταύτης
1042 1000 1111 1067 ἐπι-

93 1110 236 1193 μελητήν
259 1106 429 1192 ἀπέλιπεν,
457 1108 557 1186 αὐτὸς
579 1107 617 1173 δὲ
640 1107 696 1173 διά
719 1114 776 1192 τῆς
799 1110 973 1191 μεσογείου
997 1109 1111 1175 ποιού-

93 1238 191 1296 μενος
231 1217 293 1299 τήν
331 1217 470 1300 πορείαν
505 1213 682 1297 ἐπεβάλετο
723 1214 785 1296 μὲν
820 1216 941 1291 νυκτὸς
984 1216 1031 1292 είς
1071 1217 1112 1280 τὰ

49 1341 75 1381 ιο
93 1323 285 1407 Κεντόριπα
324 1332 558 1409 παρεισπεσεῖν
594 1320 834 1406 εἰσδεχομένων
871 1321 973 1386 αύτόν
1009 1345 1111 1387 τινων

92 1433 272 1496 πολιτικῶν
290 1428 436 1514 ἀνδρῶν,
457 1437 670 1514 καταφανοῦς
688 1429 726 1494 δδ
743 1435 801 1513 τῆς
820 1426 999 1512 ἐπιβουλῆς
1017 1452 1111 1512 γενο-

92 1535 193 1620 μένης
221 1537 277 1602 καὶ
305 1547 373 1602 τῶν
402 1547 563 1622 φρουρῶν
595 1536 928 1621 παραβοηθησάντων
959 1533 1111 1613 ἐξέπεσεν

93 1642 129 1709 ἐκ
160 1649 219 1728 τῆς
249 1645 391 1727 πόλεως,
425 1643 604 1726 ἀποβαλὼν
634 1654 702 1708 τῶν
735 1654 944 1729 στρατιωτῶν
975 1645 1111 1721 πλείους

93 1754 328 1817 πεντακοσίων.
365 1753 445 1833 μετὰ
464 1751 501 1816 δὲ
518 1750 622 1816 ταῦτά
639 1774 742 1816 τινων
759 1749 795 1815 ἐκ
813 1756 872 1835 τῆς
888 1747 1112 1828 Ἀπολλωνίας
1129 1768 1146 1816 4

49 1876 74 1914 ¹⁶
93 1857 392 1941 μεταπεμπομένων
411 1857 514 1924 αὐτὸν
531 1858 587 1923 καὶ
609 1859 671 1941 τήν
689 1857 833 1941 πατρίδα
850 1857 1038 1942 προδώσειν
1056 1856 1072 1923 ό
1096 1896 1112 1905 -

93 1964 344 2048 αγγελλομένων
366 1961 425 2049 ῆκε
451 1966 535 2049 πρὸς
561 1967 622 2049 τήν
644 1966 756 2030 πόλιν·
783 1974 851 2029 τῶν
874 1963 912 2028 δὲ
936 1964 1111 2049 προδοτῶν

92 2082 293 2155 καταφανῶν
311 2071 500 2155 γευομένων
518 2072 573 2136 καὶ
591 2070 826 2137 κολασθέντων
843 2071 926 2136 κατά
943 2070 1005 2153 μέν
1022 2071 1111 2154 πρῶ·

92 2200 154 2261 την
189 2177 315 2263 ἡμέραν
351 2182 572 2264 πολιορκήσας
609 2179 774 2262 ἄπρακτος
809 2176 955 2261 ἐγένετο,
996 2186 1036 2263 τῆ
1076 2178 1108 2242 δ’

93 2284 251 2373 ὑστεραία
277 2287 384 2351 πολλὰ
410 2288 647 2368 κακοπαθήσας
673 2284 729 2350 καί
757 2286 903 2369 συχνοὺς
932 2283 1111 2368 ἀποβαλὼν

48 2415 74 2453 εο
92 2394 187 2473 μόλις
223 2384 289 2458 είλε
324 2394 386 2477 τήν
417 2393 516 2458 πόλιν
547 2392 603 2457 καὶ
634 2402 701 2457 τῶν
729 2390 1000 2457 Ἀπολλωνιατῶν
1031 2394 1111 2469 τοὺς

92 2501 268 2576 πλείστους
289 2498 483 2584 ἀποσφάξας
506 2498 667 2585 διήρπασε
689 2499 747 2576 τάς
769 2502 907 2583 κτήσεις.

169 2607 296 2671 Τούτου
327 2606 364 2671 δὲ
392 2607 470 2692 περί
498 2603 590 2671 ταῦτ’
614 2607 711 2683 ὄντος
740 2604 965 2690 Δεινοκράτης
995 2604 1013 2670 ὁ
1042 2603 1161 2670 τῶνὸλ

92 2713 256 2798 φυγάδων
268 2714 457 2801 ᾑγούμευος
474 2713 652 2795 άυαλαβὼν
669 2713 731 2796 τήν
745 2708 1011 2797 Ἀκραγαντίνων
1029 2732 1109 2798 προ-

92 2823 221 2907 αίρεσιν
252 2821 308 2886 καὶ
343 2820 531 2906 προστάτην
563 2819 666 2885 αὑτὸν
698 2816 872 2896 άναδείξας
907 2824 965 2902 τῆς
996 2824 1111 2901 κοινῆς

163 3015 239 3078 θείς
257 3012 457 3070 Σελινουντίαν
475 3014 559 3068 Holm
578 3013 610 3068 G.
625 3013 652 3068 S.
667 3013 692 3066 H
710 3030 738 3081 p.
753 3018 813 3066 477.
878 3012 896 3064 ό
917 3009 1061 3078 Θερμήτας
1078 3009 1108 3062 F.

91 3087 117 3141 5.
136 3087 154 3141 6
176 3086 262 3142 verba
283 3087 330 3140 vix
354 3102 424 3140 εεοο
450 3086 496 3156 (cf.
517 3083 569 3138 XX
591 3091 633 3150 77,
648 3087 688 3154 3);
712 3084 746 3138 ef.
766 3083 850 3137 Holm
869 3082 901 3137 G.
917 3079 983 3136 S.H
1000 3099 1028 3150 p.
1044 3085 1108 3147 2533

91 3160 195 3213 rectius
220 3158 337 3213 Meltzer
357 3157 371 3212 I
392 3177 420 3228 p.
443 3163 503 3212 399.
522 3161 587 3224 5283
616 3155 714 3209 malim
741 3173 804 3210 eum
829 3153 950 3208 Baiskeo
975 3153 1005 3207 et
1029 3151 1109 3204 Mad-

91 3230 166 3301 vigio
186 3230 208 3299 (I
226 3249 254 3300 p.
269 3233 331 3300 514)
357 3229 464 3283 scribas
487 3237 544 3283 τῶν
566 3233 600 3283 Κ.
645 3226 732 3300 τούς>
758 3233 952 3296 φρουροῦντας
976 3223 1021 3278 vel
1044 3225 1109 3285 τοὺς

91 3300 295 3371 Καρχηδονίων
327 3309 522 3370 φρουροῦντας
551 3300 596 3369 (ef.
693 3303 753 3365 110,
773 3300 808 3366 6).
884 3295 1028 3362 δταύτην
1054 3294 1108 3349 del.

92 3372 183 3427 Μεόν.
229 3371 403 3442 Κεφαλοίδιν
425 3373 460 3439 F3
484 3372 519 3426 ef.
537 3370 602 3425 XIV
617 3376 659 3436 ⁶6,
674 3375 703 3437 23
724 3375 766 3436 78,
782 3374 810 3435 7;
836 3366 955 3422 Mueller
976 3367 1014 3419 ad
1036 3365 1114 3418 Ptol.

91 3443 205 3511 1114‚2
225 3448 261 3514 (p.
277 3447 348 3512 392).
421 3443 455 3498 11
478 3443 627 3515 ἐπιβουλῆς
650 3440 728 3496 libri.
797 3438 840 3492 Ὠ
862 3431 1140 3522 βοηθχηοδυπωυῖ,

92 3521 203 3638 οοττΓλ.
218 3533 254 3570 m.
323 3516 359 3571 17
377 3514 451 3571 κατὰ
469 3515 520 3587 μὲν
539 3515 593 3588 τὴν
611 3535 662 3585 πρ.
680 3512 785 3586 M.
852 3509 896 3560 <m
915 3499 1059 3573 ύῦῚῐῖἚ
1093 3498 1155 3538 ”³¹¹⁹

83 3604 135 3639 om.
177 3627 184 3639 .

122 3692 247 3736 Diodotum
265 3697 291 3738 V.
984 3675 1023 3722 Ἢ
