2460 3848
433 195 587 264 01.118,4:
608 201 659 251 εοι
675 211 699 249 ι.
711 194 774 250 chr.
1046 198 1110 263 297

92 343 171 418 τοὺς
188 341 249 422 μὲν
268 338 413 424 ἀνεῖλον,
435 344 514 418 τοὺς
532 340 562 406 θ’
578 339 778 407 ἐπανελθεῖν
796 343 844 418 εἰς
861 341 1008 406 τούπίσω
1033 357 1113 405 σνν-

93 447 296 532 ηνάγκασαν·
329 451 489 532 συνήργει
520 447 559 512 a&
589 457 660 524 τολς
690 445 727 513 ἐκ
758 456 816 531 της
846 449 973 524 πόλεως
1001 447 1022 531 η
1053 455 1112 512 τοῦ

93 555 182 638 παρὰ
204 555 242 619 τὸ
265 563 372 637 τελχος
394 555 499 618 τόπου
523 555 700 640 τραχύτης,
727 558 862 619 πολλῶν
883 555 939 619 καί
961 554 1114 638 μεγάλων
1209 582 1212 586 ’

93 671 223 746 πετρῶν
241 662 323 726 κατά
345 662 382 726 τὸ
407 661 542 745 συνεχὲς
564 661 725 744 κειμένων
742 662 833 747 παρὰ
854 663 916 746 την
934 662 1115 744 οίκοθομην

63 765 154 846 ιέξω
186 775 246 832 τοῦ
278 770 415 853 τείχους.
465 779 532 833 τῶν
564 767 603 832 όέ
633 771 712 846 τοὺς
744 769 944 854 στρατιώτας
975 768 1148 845 τούτουςν

93 874 301 957 κομισάντων
338 886 477 959 σκαφῶν
514 874 576 941 οὐκ
617 874 741 959 ὀλίγων
777 876 832 941 θιά
868 876 930 959 τὴν
966 874 1115 958 ἀγωνίαν

94 979 335 1047 ἐποκειλάντων
371 983 404 1047 ολ
432 980 550 1047 Ῥόδιοι
586 981 709 1066 ταχέως
744 983 784 1047 τά
819 982 881 1065 μὲν
918 981 1115 1065 ἀκροστόλια

94 1087 329 1172 περιέσπασαν,
358 1088 444 1172 ύλην
474 1089 512 1154 δὲ
541 1087 646 1174 ξηρὰν
673 1089 731 1154 καὶ
760 1089 863 1176 δᾷδας
891 1100 964 1166 ταῖς
993 1089 1115 1154 ναυσίν

95 1193 224 1272 ἐνέντες
252 1192 448 1281 ἐνέπρησαν.
498 1195 626 1260 τούτων
656 1195 694 1260 θέ
722 1195 800 1279 περὶ
828 1195 921 1260 ταῦτ’
944 1196 1052 1261 όντων
1083 1197 1115 1262 ολ

50 1322 77 1362 ιο
94 1301 155 1384 μὲν
175 1310 236 1367 τοῦ
254 1305 449 1387 Δημητρίου
474 1312 668 1384 στρατιῶται
691 1310 860 1386 πανταχοῦ
883 1301 1116 1386 περιπλέοντες

94 1410 252 1491 κλίμακας
279 1409 490 1494 προσέφερον
517 1419 587 1486 τοῖς
614 1411 736 1493 τείχεσι
764 1407 820 1473 καλ
847 1410 1035 1493 βιαιότερον
1063 1406 1115 1474 ἐν

95 1515 235 1598 έκειντο,
264 1515 581 1599 συναγωνιζομένων
602 1516 659 1580 καί
686 1514 840 1581 τῶνάπὸ
868 1525 926 1598 τῆς
950 1524 1011 1598 γῆς
1032 1535 1115 1580 παν-

94 1624 239 1707 ταχόθεν
261 1623 318 1688 καὶ
341 1625 644 1701 συναλαλαζόντων.
681 1618 766 1687 ἔνθα
790 1622 831 1706 θη
855 1627 989 1688 πολλῶν
1012 1643 1115 1709 παρα·
1134 1641 1150 1688 3

95 1731 202 1812 βόλως
223 1729 516 1795 κινδυνευσάντων
539 1730 595 1794 καὶ
617 1739 751 1813 συχνῶν
775 1728 972 1811 ἀναβάντων
994 1726 1049 1794 ἐπὶ
1076 1730 1116 1793 τά

52 1856 77 1896 ιι
95 1838 184 1920 τείχη
209 1839 387 1903 συνίστατο
410 1837 552 1920 καρτερά
574 1837 671 1920 μάχη,
693 1846 762 1901 τῶν
779 1835 840 1917 μέν
858 1833 985 1913 ἔξωθεν
1008 1838 1083 1918 βιαζ
1102 1874 1116 1883 -

95 1943 215 2026 μένων,
234 1953 302 2009 τῶν
320 1941 351 2008 θ’
365 1942 401 2010 ἐκ
419 1952 477 2026 τῆς
495 1945 622 2019 πόλεως
640 1941 777 2027 ἀθρόων
796 1942 1115 2028 παραβοηθούντων.

95 2049 188 2126 τέλος
215 2049 253 2114 δέ
279 2061 347 2115 τῶν
370 2047 506 2116 Ῥοόίων
533 2048 687 2132 ἐκθύμως
714 2048 965 2132 ἀγωνιζομένων
995 2049 1028 2113 ολ
1055 2049 1116 2129 μὲν

95 2152 215 2220 ἔπεσον
230 2167 298 2221 τῶν
312 2156 607 2240 προσαναβάντων,
626 2158 659 2222 ολ
677 2156 715 2222 δέ
732 2155 1116 2240 κατατραυματισθέντες

96 2260 256 2346 ἑάλωσαν,
285 2261 323 2329 ἐν
353 2255 402 2339 οἷς
431 2259 518 2347 ἦσάν
546 2286 635 2340 τινες
663 2262 719 2328 καί
748 2273 815 2328 τῶν
845 2260 1116 2347 ἐπιφανεστάτων

52 2390 78 2430 ιο
95 2370 275 2453 ἡγεμόνων.
321 2370 483 2435 τοιούτων
506 2369 544 2434 δὲ
570 2369 760 2454 γενομένων
782 2380 852 2447 τοῖς
875 2366 1001 2447 ἔξωθεν
1024 2368 1148 2436 ἐλατ-4

95 2477 253 2558 τωμάτων
276 2476 294 2542 ὁ
318 2476 379 2557 μὲν
402 2480 593 2561 Δημήτριος
615 2475 792 2559 ἀπεκόμισε
820 2478 877 2554 τὰς
900 2478 1047 2560 μηχανάς
1069 2479 1117 2555 είς

96 2584 156 2647 τὸν
179 2582 267 2649 ἴδιον
290 2582 407 2666 λιμένα
434 2582 490 2648 καὶ
516 2583 557 2647 τά
584 2585 793 2667 πεπονηκότα
820 2594 888 2648 τῶν
912 2586 1040 2649 πλοίων
1061 2584 1117 2649 καί

96 2701 253 2774 μηχανῶν
280 2688 510 2773 ἐπεσκεύασεν,
540 2691 573 2756 ολ
603 2689 640 2754 δέ
663 2687 782 2756 Ῥόδιοι
811 2693 890 2766 τοὺς
919 2690 980 2772 μὲν
1007 2695 1117 2756 τελευ-

96 2800 259 2881 τήσαντας
298 2807 366 2862 τῶν
402 2803 549 2862 πολιτῶν
584 2793 727 2879 ἔθαψαν,
769 2797 809 2861 τά
850 2796 888 2861 δὲ
928 2798 1013 2863 ὅπλα
1049 2808 1117 2863 τῶν

43 2899 268 3012 χ’ἓςχπολεμίων
290 2903 346 2970 καλ
368 2906 408 2969 τά
431 2903 629 2988 ἀκροστόλια
655 2913 725 2979 τοῖς
751 2910 846 2981 θεοίς
873 2902 1054 2987 ἀνέθηκαν,
1076 2903 1117 2967 τά

97 3011 135 3076 δέ
158 3012 213 3076 διὰ
235 3022 303 3076 τῶν
325 3013 538 3096 πετροβόλων
556 3012 748 3075 πεπτωκότα
771 3020 839 3075 τῶν
857 3021 974 3094 τειχῶν
993 3008 1117 3096 άνφκο-

97 3119 233 3200 δόμουν.

96 3275 198 3401 Athe}
205 3273 382 3400 ogfflecffi
396 3274 749 3416 ίάίοέἀάἐεέϊάςεέλξάἰλ.
760 3273 848 3398 secoli.
859 3272 1116 3413 ἐζωῗῗιῗέῖθθάάῗ).

99 3416 342 3472 λέπωκειλάντων
355 3417 385 3471 F.
434 3417 557 3471 θταθτοι
570 3416 626 3471 XF.
672 3416 707 3470 10
726 3435 818 3470 ταντα
837 3412 907 3470 όθεν
921 3415 957 3467 Ε.
998 3415 1042 3465 KQ
1060 3431 1129 3462 ευτ-

98 3485 305 3552 αλλαλοιζόντων
323 3488 352 3542 F.
399 3491 508 3545 πολλῶν
528 3505 584 3544 om.
599 3489 636 3544 F.
706 3487 748 3543 m
767 3488 830 3552 ἀθρ
849 3484 943 3544 ωςῖ.
1009 3479 1055 3527 Ἦ
1073 3487 1158 3521 'wffi

92 3575 144 3612 om.
164 3559 195 3610 F.
269 3560 307 3615 20
325 3569 381 3616 τῶν
402 3560 514 3631 ἔξωθεν
535 3562 558 3620 ἐ.
570 3563 606 3620 F.
