2460 3848
6 3534 21 3675 λ-

108 185 149 249 76
466 179 655 237 Diodorm
668 154 765 236 ιιῖιε.

105 328 259 393 πεδεύειν
291 328 350 392 τόν
381 349 417 391 τε
445 325 683 411 Ἱππόστρατον
714 325 770 391 καί
801 327 861 392 τὸν
886 321 1128 411 Ὀροντοβάτην

105 432 266 501 ἐπέθεντο
289 435 409 510 νυκτὸς
431 442 471 519 τῇ
494 436 695 519 παρεμβολῇ.
741 432 796 498 καὶ
822 430 901 518 παρ’
928 433 1044 517 ὀλίγον
1066 433 1129 516 μὲν

105 540 290 625 ἐκράτησαν
307 550 365 624 τῆς
383 538 550 623 ἐπιβολῆς,
563 539 630 605 ὑπὸ
649 540 687 605 δὲ
705 549 765 605 τοῦ
783 544 937 625 πλήθους
955 542 1129 625 κατισχυό-

105 671 200 732 μενοι
222 649 279 713 καί
300 671 393 725 τινας
414 658 483 712 τῶν
501 657 711 733 στρατιωτῶν
727 648 902 725 πείσαντες
920 658 1129 732 συναποστή-

70 773 86 822 3
106 778 163 830 ναι
192 755 292 819 πάλιν
322 753 548 840 ἀπεχώρησαν.
599 755 736 832 εύζωνοι
759 751 791 818 δ’
812 755 907 833 δντες
929 755 986 820 καί
1007 754 1129 832 πάντες
1161 775 1173 815 ε

107 861 220 938 ἵπποις
254 861 419 945 χρώμενοι
454 860 512 937 τάς
547 883 583 925 τε
619 861 826 946 καταδρομάς
858 861 1130 949 ἀπροσδοκήτους

106 967 281 1033 ἐποιοῦντο
304 968 360 1033 καί
379 969 441 1052 τήν
459 966 572 1052 χώραν
589 978 732 1052 ταραχῆς
750 966 956 1054 ἐπλήρωσαν.
992 970 1072 1051 μετά
1091 967 1132 1034 δέ

105 1097 180 1139 τινα
209 1076 334 1159 χρόνον
364 1071 640 1158 συγκλεισθέντες
669 1074 717 1151 είς
745 1098 820 1141 τινα
842 1077 947 1141 τύπον
970 1084 1130 1160 κρημνοίς

105 1183 341 1266 περιεχόμενον
364 1183 397 1247 ολ
419 1181 481 1264 μὲν
504 1180 616 1246 αὐτῶν
637 1179 863 1272 ἀνῃρέθησαν,
882 1184 914 1248 ολ
937 1181 967 1246 δ’
989 1180 1130 1268 ἐζωγρή-

70 1294 226 1372 4θησαν.
272 1298 339 1354 τῶν
367 1287 405 1353 δέ
431 1288 604 1372 ήγεμύνων
627 1287 824 1376 Μελέαγρος
849 1290 906 1355 καί
929 1286 1088 1375 Ὀκράνης
1111 1288 1129 1354 ὁ
1149 1309 1174 1350 ιο

105 1395 226 1480 Μῆδος
254 1398 313 1461 καί
339 1418 427 1472 τινες
456 1404 524 1459 τῶν
553 1392 737 1478 ἀξιολόγων
764 1396 899 1483 ἀνδρῶν
925 1395 1130 1474 ὑποστάντες

64 1526 65 1531 ’
106 1501 329 1593 άνηρέδησαν.
383 1501 439 1567 καί
470 1503 511 1566 τά
541 1501 604 1584 μὲν
635 1502 712 1588 περὶ
742 1505 821 1580 τοὺς
853 1500 1060 1579 ἀποστάντας
1091 1500 1131 1568 ἐν

106 1609 226 1697 Μηδία
248 1608 406 1694 τοιαύτην
429 1606 503 1693 ἔσχε
525 1610 587 1693 τήν
609 1609 820 1675 κατάστασιν.

52 1716 95 1782 48
173 1713 208 1780 Ὁ
245 1712 275 1780 δ’
308 1713 500 1799 Ἀντίγονος
536 1713 648 1800 ἐπειδή
685 1712 809 1800 τάχιστ’
845 1713 952 1800 ἦλθεν
989 1716 1037 1792 είς
1068 1718 1130 1801 τήν

106 1822 273 1908 Περσίδα,
296 1831 390 1906 τιμης
412 1822 474 1906 μὲν
496 1822 563 1888 ὑπὸ
581 1833 649 1888 τῶν
668 1821 837 1908 ἐγχωρίων
855 1821 982 1907 ἠξιώθη
1001 1826 1130 1906 βασιλι-
1148 1842 1173 1885 ιο

105 1938 165 2013 κής
188 1929 232 2007 ὡς
258 1928 300 1995 ἀν
322 1929 438 2016 κύριος
456 1930 504 1995 ὢν
522 1928 796 2014 ὁμολογουμένως
814 1940 872 2015 τῆς
885 1929 1010 2012 Ἀσίας,
1029 1929 1130 2006 αὐτὸς

107 2036 144 2101 δὲ
166 2038 246 2119 μετὰ
269 2047 336 2102 τῶν
360 2039 469 2122 φίλων
497 2038 721 2123 συνεδρεύσας
743 2034 939 2119 ἐβουλεύετο
961 2036 1039 2122 περὶ
1061 2047 1130 2102 τῶν

106 2154 324 2229 σατραπειῶν.
383 2146 445 2229 τήν
476 2144 537 2227 μὲν
569 2139 632 2209 οὖν
665 2144 864 2228 Καρμανίαν
898 2143 1009 2209 είασεν
1041 2139 1130 2229 ἔχειν

111 2252 325 2335 Τληπόλεμον
353 2251 410 2316 καλ
438 2251 500 2334 τήν
527 2251 738 2337 Βακτριανήν
768 2249 889 2332 ὁμοίως
916 2249 1129 2336 Στασάνορα·

107 2358 147 2423 οὐ
175 2359 239 2442 γάρ
268 2355 386 2444 ῥηίδιον
410 2353 453 2441 ἦν
476 2356 616 2434 τούτους
639 2354 683 2422 δι’
706 2355 880 2442 ἐπιστολής
903 2355 1067 2440 ἐκβαλεῖν,
1091 2352 1130 2422 ού
1148 2380 1174 2420 ιο

106 2465 147 2527 τά
174 2465 257 2548 πρὸς
279 2465 358 2539 τοὺς
380 2460 562 2549 ἐγχωρίους
584 2462 884 2546 πεπολιτευμένους
905 2464 961 2529 καί
984 2467 1131 2541 πολλοὺς

71 2567 243 2654 νέχοντας
272 2570 530 2653 συναγωνιστάς.
577 2572 625 2647 είς
652 2570 690 2636 δέ
716 2572 778 2655 τήν
801 2569 914 2657 Ἀρίαν
938 2569 1131 2637 ἀπέστειλεν

106 2676 245 2742 Εὔιτον·
282 2680 539 2762 τελευτήσαντος
571 2677 608 2742 δέ
639 2674 707 2760 μετ’
736 2677 852 2761 ὀλίγον
884 2679 1007 2763 χρόνον
1039 2677 1130 2742 ἀντι-

106 2781 306 2867 κατέστησεν
328 2784 520 2870 Εὐαγόραν,
547 2785 655 2870 άνδρα
682 2784 766 2870 [καί]
794 2782 865 2850 κατ’
892 2784 1051 2869 ἀνδρείαν
1073 2785 1131 2850 καί

108 2891 246 2956 σύνεσιν
277 2893 541 2975 θαυμαζόμενον.
596 2888 776 2978 Ὀξυάρτην
808 2890 846 2956 δέ
877 2893 937 2957 τὸν
970 2888 1131 2976 Ῥωξάνης
1148 2911 1172 2955 ιι

107 2997 232 3082 πατέρα
267 2999 329 3082 τήν
366 2997 403 3063 ἐν
439 2999 736 3085 Παροπανισάδαις
777 3000 979 3084 σατραπείαν
1018 2998 1131 3064 εἴασεν

178 3138 197 3192 3
215 3136 345 3209 ἐπιβολῆς
362 3138 392 3208 F,
413 3155 550 3208 suprascr.
570 3154 656 3207 supra
675 3158 690 3193 ο
709 3137 745 3192 ab
765 3144 790 3192 2.
804 3157 840 3192 m.
856 3158 881 3193 ν,
950 3137 1130 3208 ὃδπεχάρη-

108 3225 161 3264 σαν
179 3208 209 3264 F.
283 3209 318 3264 10
376 3206 501 3278 ονμένων
522 3210 552 3264 F.
598 3209 758 3280 Μελάγριος
776 3208 809 3263 X.
882 3209 917 3264 19
938 3207 1129 3300 Τληπόλεμον]

106 3277 296 3349 Παμπόλεμον
371 3280 432 3349 ςνί.
451 3279 542 3335 XVIII
561 3286 586 3349 3,
601 3287 629 3348 33
650 3287 693 3348 39,
708 3288 737 3348 63
756 3280 820 3334 XIX
835 3287 877 3348 14,
892 3287 917 3335 6.
990 3280 1026 3336 20
1044 3279 1076 3337 εδ
1093 3301 1130 3335 τα

96 3346 337 3477 ανάιν
355 3348 1129 3480 παλεύεικοιλαίνειναοί·

78 3443 229 3579 νθὲννῗλζ
251 3509 324 3550 corr.
345 3501 371 3553 2.
388 3514 425 3552 m.
446 3496 478 3554 in
496 3512 588 3570 marg.
635 3495 713 3571 [nal]
736 3443 895 3550 deknmnd.
970 3494 1007 3548 26
1029 3499 1129 3564 Παρα-

64 3564 258 3626 wmoeffme
275 3566 310 3636 F,
331 3585 406 3627 corr.
429 3576 455 3628 2.
472 3590 511 3629 m.
776 3611 778 3615 -
