2460 3848
430 185 583 253 01.116‚1:
604 190 655 240 316
670 184 768 240 πονε.
841 162 847 174 ’
1060 188 1102 254 83

157 331 356 418 Κάσανδρος
387 330 438 415 δέ,
467 332 550 397 κατά
578 340 663 397 νοῦν
693 330 793 416 αύτῷ
808 341 877 396 τῶν
904 330 1104 414 πραγμάτων
1114 329 1157 395 52

84 440 362 526 προχωρούντων,
392 437 631 523 περιελάμβανε
663 447 734 515 ταῖς
764 436 873 503 ἐλπίσι
902 439 963 521 την
992 442 1105 503 Μακε-

86 548 197 612 δόνων
226 549 406 629 βασιλείαν.
453 546 507 611 διὸ
536 545 592 610 καί
624 547 873 629 Θεσσαλονίκην
902 542 1015 629 ἔγημε,
1044 546 1105 628 την

89 655 258 721 Φιλίππου
281 652 343 735 μὲν
363 652 549 737 θυγατέρα,
567 649 785 737 Ἀλεξάνδρου
805 651 843 717 δὲ
861 651 1011 736 ἀδελφὴν
1029 651 1105 733 ὁμο-

54 760 236 847 ιπάτριον,
260 759 415 844 σπεύδων
439 761 562 824 οίκεῑον
586 758 689 824 αὑτὸν
712 756 882 836 ἀποδείξαι
904 768 962 842 τῆς
979 762 1106 842 βασιλι-

84 878 145 953 κῆς
163 869 365 951 συγγενείας.
408 863 513 932 έκτισε
532 866 643 932 δὲκαὶ
661 868 760 931 πόλιν
779 864 833 931 ἐπὶ
850 875 909 949 τῆς
927 869 1106 950 Παλλήνης
1123 885 1139 933 2

86 975 274 1057 ὁμώνυμον.
296 973 400 1039 αὐτοῦ
423 972 668 1060 Κασάνδρειαν,
698 975 746 1050 είς
774 973 817 1056 ἣν
844 972 902 1050 τάς
928 996 963 1037 τε
991 971 1026 1038 ἐκ
1049 982 1107 1057 τῆς

85 1085 302 1167 Χερρονήσου
332 1083 444 1157 πόλεις
473 1081 637 1167 συνῴκισε
666 1080 721 1145 καὶ
750 1081 812 1163 την
839 1081 1035 1164 Ποτίδαιαν,
1059 1077 1107 1145 ἔτι

86 1188 125 1254 δὲ
153 1199 220 1253 τῶν
249 1188 414 1272 σύνεγγυς
440 1190 571 1273 χωρίων
595 1186 656 1252 οὐκ
680 1187 787 1270 ὀλίγα·
825 1188 984 1274 κατῴκισε
1007 1183 1037 1251 δ’
1060 1189 1108 1264 είς

41 1318 68 1357 10
86 1295 192 1379 αὐτην
219 1295 275 1360 καί
302 1305 369 1361 τῶν
394 1292 582 1360 Ὀλυνθίων
605 1296 683 1371 τοὺς
705 1293 982 1377 διασωζομένους,
1009 1295 1107 1371 όντας

33 1402 154 1470 νοεούκ
184 1402 325 1486 ὀλίγους.
372 1407 496 1486 πολλῆς
526 1401 564 1466 δὲ
592 1401 701 1487 χώρας
729 1403 1009 1488 προσορισθείσης
1038 1410 1141 1477 τοῖςε

87 1509 324 1593 Κασανδρεῦσι
353 1508 409 1573 καί
437 1507 559 1592 ταύτης
589 1508 732 1592 ἀγαθῆς,
760 1504 808 1574 ἔτι
831 1509 869 1574 δὲ
891 1517 950 1574 τοῦ
974 1507 1107 1573 Κασάν-

87 1617 171 1701 δρου
201 1616 308 1681 πολλδι
338 1614 682 1700 συμφιλοτιμηθέντος
710 1617 758 1692 είς
779 1617 840 1699 την
863 1613 1002 1699 αύξησιν
1024 1617 1106 1699 ταχύ

87 1723 233 1806 μεγάλην
257 1720 410 1787 ἐπίδοσιν
433 1719 552 1805 ἔλαβεν
574 1723 593 1806 ἡ
617 1724 712 1800 πόλις
735 1723 790 1788 καλ
812 1728 969 1788 πλεῖστον
992 1722 1106 1806 ἴσχυσε

43 1852 69 1893 ιε
87 1841 155 1895 τῶν
183 1827 220 1894 ἐν
247 1829 453 1916 Μακεδονία.
504 1828 521 1893 ὁ
552 1829 590 1894 δὲ
619 1829 818 1916 Κάσανδρος
848 1830 1019 1912 διεγνώκει
1047 1829 1144 1911 μένε

89 1936 220 2002 ἀνελεῖν
244 1933 463 2021 Ἀλεξάνδρου
491 1937 550 2001 τὸν
572 1936 676 2000 παῖδα
698 1935 753 2001 καλ
774 1937 837 2019 την
858 1935 982 2020 μητέρα
1004 1936 1108 2001 αὐτοῦ
1153 1989 1155 1992 .

84 2042 258 2127 Ῥωξάνην,
286 2043 341 2107 ἵνα
363 2042 478 2126 μηδείς
504 2033 527 2133 ᾖ
555 2042 709 2126 διάδοχος
731 2051 788 2126 τῆς
811 2044 990 2124 βασιλείας·
1027 2043 1109 2107 κατά

89 2151 128 2216 δὲ
156 2150 194 2214 τὸ
224 2151 333 2235 παρὸν
361 2155 532 2235 θεωρῆσαι
559 2151 762 2232 βουλόμενος
785 2151 862 2226 τοὺς
885 2158 952 2213 τῶν
975 2153 1110 2214 πολλῶν

90 2260 225 2341 λόγους,
244 2258 332 2333 τίνες
351 2253 484 2322 ἔσονται
501 2257 578 2341 περί
595 2266 653 2341 τῆς
669 2253 888 2338 Ὀλυμπιάδος
901 2254 1109 2340 ἀναιρέσεως,

45 2386 72 2425 ιο
90 2365 156 2447 άμα
188 2360 218 2427 δ’
250 2363 352 2428 οὐδὲν
384 2364 592 2446 πεπυσμένος
624 2373 691 2429 τῶν
723 2363 799 2447 περί
824 2360 1016 2445 Ἀντίγονον
1048 2363 1109 2445 την

89 2471 151 2554 μὲν
170 2468 333 2554 Ῥωξάνην
355 2471 436 2552 μετδι
459 2479 518 2535 τοῦ
542 2471 660 2547 παιδὸς
683 2471 731 2546 είς
754 2471 908 2555 φυλακὴν
930 2468 1109 2555 παρέδωκε,

90 2576 284 2661 μεταγαγὼν
307 2579 355 2653 είς
377 2579 438 2660 τὴν
461 2578 567 2661 άκραν
589 2579 651 2661 την
674 2575 712 2642 ἐν
730 2573 940 2660 Ἀμφιπόλει,
958 2575 1055 2655 τάξας
1075 2600 1109 2641 τε

91 2681 141 2749 ἐπ’
165 2684 266 2769 αὐτῆς
286 2686 455 2750 Γλαυκίαν
473 2686 632 2750 τινὰτῶν
651 2683 909 2765 πιστευομένων·
943 2683 1109 2748 ἀπέσπασε

92 2791 130 2857 δὲ
158 2791 214 2857 καί
243 2794 321 2868 τοὺς
350 2792 512 2867 εἰωθότας
540 2792 661 2867 παῖδας
690 2789 938 2876 συντρέφεσθαι
967 2791 1022 2855 καί
1049 2792 1110 2874 τὴν

47 2919 73 2960 ιι
91 2898 226 2983 ἀγωγην
257 2897 368 2963 οὐκέτι
397 2900 582 2981 βασιλικήν,
610 2897 681 2963 ἀλλ’
709 2898 842 2962 ἰδιώτου
870 2906 929 2962 τοῦ
952 2899 1111 2981 τυχόντος

92 3007 219 3072 οίκείαν
251 3003 380 3070 ἐκέλευε
412 3007 575 3088 γίνεσθαι.
622 3004 702 3086 μετά
734 3003 772 3068 δὲ
803 3013 905 3070 ταῦτα
934 3007 1145 3087 βασιλικῶςυ

164 3269 182 3324 2
200 3269 250 3339 τὴν
265 3265 442 3324 Μακεδόνων
461 3266 616 3339 βασιλείαν]
634 3267 685 3338 τὴν
699 3265 884 3322 Μακεδονίαν
903 3268 952 3322 καλ
968 3267 1018 3337 τὴν
1033 3269 1111 3339 βασι-

93 3339 171 3396 λείαν
196 3342 283 3410 αύτης
299 3339 333 3395 X.
405 3341 423 3394 5
448 3336 534 3395 αὐτὸν
557 3338 590 3393 Χ.
664 3340 678 3394 7
705 3340 791 3393 αύτού
818 3338 911 3403 codd.;
937 3340 1023 3393 αὑτοῦ
1047 3340 1113 3393 εδδ.

93 3413 129 3468 13
146 3411 235 3467 πολλὰ
254 3429 307 3467 om.
322 3412 359 3478 R,
379 3412 469 3480 suppl.
491 3418 514 3466 1.
529 3428 565 3464 m.
638 3408 942 3477 17.21Ῥοξόιυηυῖ.
1010 3408 1055 3458 ³7&
1080 3423 1133 3453 πε-

93 3480 240 3606 πεισμένος
257 3483 288 3538 F·
339 3482 376 3538 25
393 3482 538 3556 ἰδιωτικὴν
552 3481 588 3539 X.
638 3483 736 3541 2552ss
752 3491 806 3538 τολ)
820 3471 1160 3551 παρόντος--’δθθθιδθι

93 3573 144 3610 νιν,
188 3597 194 3609 .

987 3645 1025 3697 ἣδε
