2460 3848
126 204 190 270 134
486 200 600 256 Diodor.
609 199 674 254 XIX
688 206 729 256 84.
741 206 783 256 85.

88 366 104 414 3
124 349 286 432 θόρυβον.
324 347 361 412 τὸ
385 348 449 432 γάρ
472 345 569 430 γένος
591 354 690 412 τοῦτο
713 348 795 411 κατά
818 346 879 429 μὲν
899 347 977 423 τοὺς
995 346 1201 429 δμαλοὺς384

124 454 179 519 καὶ
215 456 383 536 μαλακοὺς
419 454 542 530 τόπους
579 452 811 519 ἀνυπόστατον
848 453 1023 539 παρέχεται
1063 455 1146 519 κατά

124 562 229 644 στόμα
256 563 318 646 τήν
345 560 470 647 ῥώμην,
498 558 535 626 ἐν
563 560 601 625 δέ
627 569 697 637 τοῖς
724 559 857 646 τραχέσι
883 560 939 626 καὶ
967 560 1146 642 δυσβάτοις

123 667 241 745 τελέως
269 669 438 753 άπρακτον
466 664 532 753 ἔχει
558 669 620 752 τήν
644 666 749 751 ἀλκήν
772 667 828 733 διά
854 669 916 752 τήν
938 676 1006 732 τῶν
1031 668 1146 733 ποδῶν

88 775 338 859 εμαλακότητα.
386 775 439 841 διὸ
461 774 517 841 καὶ
541 776 615 839 τότε
642 785 710 839 τῶν
732 774 809 860 περὶ
832 778 1043 856 Πτολεμαῖον
1066 789 1146 839 συν·
1179 796 1192 837 ο

124 891 204 957 ετῶς
233 881 497 968 προεωραμένων
526 882 563 946 τὸ
593 880 716 965 μέλλον
743 879 779 947 έκ
807 891 867 946 τοῦ
895 881 1037 965 χάρακος
1063 879 1146 964 *τῆς

124 985 250 1071 πήξεως
280 989 449 1074 άπρακτον
478 987 583 1054 ἐποίει
612 991 673 1074 τήν
703 990 782 1071 βίαν
812 987 932 1053 αὐτῶν.
984 987 1078 1065 τέλος
1108 988 1146 1053 δὲ

123 1103 191 1159 τῶν
223 1097 388 1160 πλείστων
416 1092 533 1162 Ἰνδῶν
566 1094 897 1162 κατακοντισθέντων
932 1094 1146 1180 ὑποχειρίους

88 1199 249 1286 σσυνέβη
282 1201 442 1286 γενέσθαι
473 1202 599 1280 πάντας
630 1206 709 1281 τοὺς
741 1200 932 1287 ἐλέφαντας.
984 1196 1025 1267 οὗ
1057 1206 1145 1266 τελε-

124 1306 266 1385 σθέντος
296 1309 329 1373 οἱ
358 1309 476 1375 πολλοὶ
504 1321 573 1375 τῶν
602 1309 679 1394 περὶ
707 1311 768 1376 τὸν
795 1313 990 1394 Δημήτριον
1019 1307 1146 1374 ἱππέων
1166 1332 1193 1372 10

123 1414 385 1499 καταπλαγέντες
413 1417 498 1502 πρὸς
527 1417 641 1501 φυγήν
671 1416 841 1502 ὥρμησαν·
875 1415 974 1492 αὐτὸς
1006 1414 1044 1481 δὲ
1073 1411 1141 1497 μετ’

124 1520 248 1605 ὀλίγων
270 1521 490 1607 ἀπολειφθείς
511 1523 567 1589 καί
590 1523 747 1605 δεόμενος
776 1522 916 1589 ἑκάστου
944 1531 1062 1606 στήναι
1090 1522 1147 1587 καὶ

92 1679 95 1685 -
123 1629 167 1712 μή
194 1633 388 1694 καταλιπεῖν
412 1630 526 1714 αὐτόν,
554 1631 599 1707 ὡς
620 1630 732 1708 οὐδείς
760 1623 925 1715 προσεῖχε,
953 1645 1147 1714 συναποχω-

88 1751 104 1799 6
125 1743 197 1819 ρελν
218 1735 426 1820 ήναγκάζετο.
465 1735 560 1823 μέχρι
582 1737 644 1820 μέν
668 1731 730 1802 οὖν
755 1737 859 1821 Γάζης
882 1737 915 1802 οἱ
938 1735 1056 1801 πολλοὶ
1079 1745 1147 1801 τῶν

126 1840 252 1907 ἱππέων
288 1848 621 1921 συνακολουθοῦντες
651 1843 824 1929 ὑπήκουον
854 1842 910 1909 καὶ
943 1842 1147 1926 κατέστησαν
1166 1864 1193 1904 ιι

125 1949 173 2024 είς
190 1948 311 2034 τάξεις,
334 1950 418 2016 ὥστε
436 1950 562 2035 μηδένα
585 1952 709 2040 ῥαδίως
731 1954 856 2032 τολμᾶν
874 1949 1056 2036 προσάγειν
1078 1960 1147 2014 τῶν

124 2056 195 2141 εἰκῇ
229 2057 431 2124 διωκόντων·
468 2059 506 2124 τὸ
538 2059 602 2142 γάρ
635 2058 753 2123 πεδίον
785 2055 978 2143 εὐρύχωρον
1014 2056 1055 2121 δν
1090 2055 1147 2121 καί

123 2165 271 2244 μαλακὸν
291 2168 452 2250 συνήργει
473 2174 543 2242 τοῖς
565 2163 784 2247 βουλομένοις
806 2161 844 2229 ἐν
864 2161 953 2241 τάξει
975 2168 1148 2229 ποιεῖσθαι

89 2271 186 2354 ιτὴν
208 2268 430 2357 άποχῶρησιν.
476 2273 675 2337 συνείποντο
699 2269 738 2336 δὲ
759 2268 815 2335 καὶ
837 2272 944 2347 πεζῶν
967 2270 1000 2335 οἱ
1024 2271 1147 2353 βουλη-

123 2376 241 2454 θέντες
272 2382 381 2443 λιπείν
410 2379 468 2455 τάς
498 2375 604 2456 τάξεις
630 2377 686 2442 καὶ
713 2376 814 2463 χωρίς
839 2387 907 2441 τῶν
935 2376 1048 2442 ὅπλων
1075 2376 1148 2440 δια·
1166 2399 1193 2440 ιο

125 2483 240 2561 σώζειν
268 2482 406 2561 ἑαυτοὺς
434 2482 609 2570 ἐλαφρούς.
655 2483 948 2570 παραλλάσσοντος
975 2483 1013 2548 δὲ
1042 2483 1146 2548 αὐτοῦ

125 2583 234 2667 Γάζαν
252 2589 328 2676 περὶ
345 2590 443 2673 ἡλίου
462 2590 562 2656 δόσιν
585 2589 803 2668 ἀπολιπόντες
826 2599 894 2655 τῶν
914 2587 1041 2655 ἱππέων
1058 2590 1148 2667 τινὲς

123 2701 301 2780 παρῆλθον
333 2697 381 2773 είς
412 2699 474 2782 τήν
505 2699 616 2782 πόλιν,
653 2696 823 2781 ἐκκομίσαι
856 2698 1056 2780 βουλόμενοι
1088 2698 1147 2774 τάς

83 2801 317 2881 θάποσκευάς.
353 2802 577 2890 ἀνοιχθεισῶν
600 2799 663 2870 οὖν
685 2815 753 2870 τῶν
776 2808 892 2869 πυλῶν
914 2803 970 2868 καὶ
992 2807 1148 2888 πλήθους

123 2908 313 2994 ὑποζυγίων
332 2908 593 2996 ἀθροισθέντος,
617 2909 665 2976 έτι
683 2911 714 2976 δ’
729 2910 869 2977 ἑκάστου
888 2910 1021 2996 πρῶτον
1046 2911 1148 2975 σπεό-
1167 2932 1194 2973 ω

121 3013 242 3094 δοντος
278 3015 451 3101 ἐξαγαγεῖν
487 3019 528 3084 τά
550 3020 756 3104 σκευοφόρα
792 3027 955 3083 τοσοῦτον
990 3018 1148 3102 θόρυβον

165 3211 167 3215 ’
194 3209 342 3280 Ῑὸμαλεῑς
360 3211 390 3278 F,
410 3227 479 3265 corr.
499 3217 523 3265 2.
538 3229 575 3265 m.
654 3210 764 3266 2κατδι
787 3208 885 3282 στόμα]
909 3209 973 3265 κατ’
994 3211 1098 3272 αὐτοὺς
1116 3210 1148 3276 1⁴¹,

121 3299 192 3336 υοιτ.
219 3288 244 3336 2.
263 3301 299 3338 m.
325 3283 356 3335 in
381 3299 469 3352 marg.
548 3281 692 3408 θράμχχήχ
712 3282 801 3354 ῥύμην
819 3282 931 3336 Reiske.
1013 3280 1092 3353 δέκ]
1112 3281 1150 3336 τὰ

122 3353 211 3408 Hertl.
222 3353 261 3407 111
275 3372 301 3423 p.
314 3359 357 3407 34.
373 3354 439 3424 *της
452 3353 559 3423 πήξεως
573 3371 626 3409 om.
699 3376 706 3421 ;
719 3353 804 3409 verba
813 3354 891 3407 haud
901 3353 987 3408 dubie
1001 3355 1149 3421 corrupta3

112 3425 180 3477 νῶιν,
192 3424 377 3480 εοήθεωδοιω
392 3424 423 3479 ἐκ
436 3434 486 3479 τοῦ
500 3424 625 3496 χάρακος
638 3425 656 3495 η
670 3426 793 3495 πήρωσις
807 3425 852 3493 (cf.
867 3425 940 3478 Plat.
955 3425 1029 3494 legg.
1044 3422 1083 3476 IX
1093 3428 1149 3490 13).

101 3491 125 3542 7
139 3491 266 3549 ἐποίουν
281 3496 400 3554 Reiske.
486 3496 524 3554 14
543 3494 638 3571 μέχρις
659 3495 696 3553 X.
774 3495 812 3552 15
834 3493 1090 3557 συνακολουθέντις
1113 3494 1149 3552 Χ.

81 3557 130 3610 17
141 3558 178 3615 ’ὁ
196 3563 257 3634 λ’ἆθ
278 3567 387 3628 πεδίον
400 3571 572 3646 εόράχωρον
588 3570 639 3647 ὃν]
651 3566 686 3628 τδ
701 3568 820 3642 χάρτου
835 3564 939 3639 χωρὶου
953 3566 1107 3633 εδιοὶιχωοοο
1117 3567 1157 3620 θ,
