<?xml version="1.0" encoding="UTF-8"?>
<!DOCTYPE html PUBLIC "-//W3C//DTD XHTML 1.0 Transitional//EN"
    "http://www.w3.org/TR/xhtml1/DTD/xhtml1-transitional.dtd">
<html xmlns="http://www.w3.org/1999/xhtml" xml:lang="en" lang="en">
 <head>
  <title>
</title>
<meta http-equiv="Content-Type" content="text/html;charset=utf-8" />
  <meta name='ocr-system' content='tesseract 3.04.00' />
  <meta name='ocr-capabilities' content='ocr_page ocr_carea ocr_par ocr_line ocrx_word'/>
</head>
<body>
  <div class='ocr_page' id='page_1' title='image "./diodoribiblioth00vogegoog/diodoribiblioth00vogegoog_0252.png"; bbox 0 0 2460 3848; ppageno 0'>
   <div class='ocr_carea' id='block_1_1' title="bbox 425 173 1103 244">
    <p class='ocr_par' dir='ltr' id='par_1_1' title="bbox 425 173 1103 244">
     <span class='ocr_line' id='line_1_1' title="bbox 425 173 1103 244; baseline 0.013 -13"><span class='ocrx_word' id='word_1_1' title='bbox 425 177 466 232; x_wconf 83' lang='grc' dir='ltr'><strong><em>οι.</em></strong></span> <span class='ocrx_word' id='word_1_2' title='bbox 479 181 539 244; x_wconf 83' lang='lat'>118,</span> <span class='ocrx_word' id='word_1_3' title='bbox 550 182 578 231; x_wconf 85' lang='lat'><strong><em>1:</em></strong></span> <span class='ocrx_word' id='word_1_4' title='bbox 599 180 651 230; x_wconf 87' lang='grc' dir='ltr'><strong><em>εοε</em></strong></span> <span class='ocrx_word' id='word_1_5' title='bbox 666 190 691 230; x_wconf 74' lang='grc' dir='ltr'><strong><em>ε.</em></strong></span> <span class='ocrx_word' id='word_1_6' title='bbox 702 173 765 229; x_wconf 64' lang='grc' dir='ltr'><strong><em>σοι.</em></strong></span> <span class='ocrx_word' id='word_1_7' title='bbox 1039 175 1103 240; x_wconf 79' lang='grc'><strong><em>227</em></strong></span> 
     </span>
    </p>
   </div>
   <div class='ocr_carea' id='block_1_2' title="bbox 42 315 1187 3295">
    <p class='ocr_par' dir='ltr' id='par_1_2' title="bbox 56 315 1187 1265">
     <span class='ocr_line' id='line_1_2' title="bbox 81 315 1141 408; baseline -0.008 -17"><span class='ocrx_word' id='word_1_8' title='bbox 81 325 223 391; x_wconf 89' lang='grc' dir='ltr'><strong><em>Ἰταλίαν</em></strong></span> <span class='ocrx_word' id='word_1_9' title='bbox 264 323 526 408; x_wconf 90' lang='grc' dir='ltr'><strong><em>στρατεύσαντος</em></strong></span> <span class='ocrx_word' id='word_1_10' title='bbox 558 319 783 406; x_wconf 72' lang='grc' dir='ltr'><em>Ἀλεξάνδρου.</em></span> <span class='ocrx_word' id='word_1_11' title='bbox 843 319 899 383; x_wconf 83' lang='grc' dir='ltr'><strong><em>διά</em></strong></span> <span class='ocrx_word' id='word_1_12' title='bbox 939 318 1001 401; x_wconf 80' lang='grc' dir='ltr'><strong><em>την</em></strong></span> <span class='ocrx_word' id='word_1_13' title='bbox 1037 315 1141 390; x_wconf 84' lang='grc' dir='ltr'><strong><em>ἐπι-4</em></strong></span> 
     </span>
     <span class='ocr_line' id='line_1_3' title="bbox 87 424 1107 518; baseline -0.007 -21"><span class='ocrx_word' id='word_1_14' title='bbox 87 432 230 518; x_wconf 90' lang='grc' dir='ltr'><strong><em>φάνειαν</em></strong></span> <span class='ocrx_word' id='word_1_15' title='bbox 253 424 399 496; x_wconf 81' lang='grc' dir='ltr'><strong><em>οὖντοῦ</em></strong></span> <span class='ocrx_word' id='word_1_16' title='bbox 426 429 546 514; x_wconf 80' lang='grc' dir='ltr'><strong><em>γένους</em></strong></span> <span class='ocrx_word' id='word_1_17' title='bbox 573 428 606 493; x_wconf 81' lang='grc' dir='ltr'><strong><em>ολ</em></strong></span> <span class='ocrx_word' id='word_1_18' title='bbox 632 427 709 513; x_wconf 77' lang='grc' dir='ltr'><strong><em>περὶ</em></strong></span> <span class='ocrx_word' id='word_1_19' title='bbox 732 426 935 512; x_wconf 87' lang='grc' dir='ltr'><strong><em>Κάσανδρον</em></strong></span> <span class='ocrx_word' id='word_1_20' title='bbox 960 424 1016 491; x_wconf 83' lang='grc' dir='ltr'><strong><em>καί</em></strong></span> <span class='ocrx_word' id='word_1_21' title='bbox 1037 429 1107 491; x_wconf 88' lang='grc' dir='ltr'><strong><em>Λυ-</em></strong></span> 
     </span>
     <span class='ocr_line' id='line_1_4' title="bbox 86 534 1187 624; baseline -0.006 -20"><span class='ocrx_word' id='word_1_22' title='bbox 86 541 238 624; x_wconf 84' lang='grc' dir='ltr'><strong><em>σίμαχον,</em></strong></span> <span class='ocrx_word' id='word_1_23' title='bbox 257 535 305 602; x_wconf 83' lang='grc' dir='ltr'><strong><em>ἐτι</em></strong></span> <span class='ocrx_word' id='word_1_24' title='bbox 323 537 362 602; x_wconf 74' lang='grc' dir='ltr'><strong><em>δὲ</em></strong></span> <span class='ocrx_word' id='word_1_25' title='bbox 377 538 570 620; x_wconf 93' lang='grc' dir='ltr'><strong><em>Ἀντίγονον</em></strong></span> <span class='ocrx_word' id='word_1_26' title='bbox 587 534 643 600; x_wconf 80' lang='grc' dir='ltr'><strong><em>καί</em></strong></span> <span class='ocrx_word' id='word_1_27' title='bbox 657 538 867 616; x_wconf 77' lang='grc' dir='ltr'><strong><em>Πτολεμαῖον</em></strong></span> <span class='ocrx_word' id='word_1_28' title='bbox 883 534 939 599; x_wconf 83' lang='grc' dir='ltr'><strong><em>καί</em></strong></span> <span class='ocrx_word' id='word_1_29' title='bbox 955 535 1106 598; x_wconf 94' lang='grc' dir='ltr'><strong><em>καθόλου</em></strong></span> <span class='ocrx_word' id='word_1_30' title='bbox 1184 565 1187 570; x_wconf 92' lang='grc'><em>·</em></span> 
     </span>
     <span class='ocr_line' id='line_1_5' title="bbox 87 638 1108 728; baseline -0.007 -17"><span class='ocrx_word' id='word_1_31' title='bbox 87 646 208 722; x_wconf 91' lang='grc' dir='ltr'><strong><em>πάντες</em></strong></span> <span class='ocrx_word' id='word_1_32' title='bbox 239 645 272 710; x_wconf 81' lang='grc' dir='ltr'><strong><em>ολ</em></strong></span> <span class='ocrx_word' id='word_1_33' title='bbox 303 645 384 727; x_wconf 79' lang='grc' dir='ltr'><strong><em>μετὰ</em></strong></span> <span class='ocrx_word' id='word_1_34' title='bbox 410 645 472 728; x_wconf 83' lang='grc' dir='ltr'><strong><em>την</em></strong></span> <span class='ocrx_word' id='word_1_35' title='bbox 500 638 719 727; x_wconf 77' lang='grc' dir='ltr'><strong><em>Ἀλεξάνδρου</em></strong></span> <span class='ocrx_word' id='word_1_36' title='bbox 746 641 904 725; x_wconf 78' lang='grc' dir='ltr'><strong><em>τελευτὴν</em></strong></span> <span class='ocrx_word' id='word_1_37' title='bbox 931 639 1108 725; x_wconf 82' lang='grc' dir='ltr'><strong><em>ἀξιολογώ-</em></strong></span> 
     </span>
     <span class='ocr_line' id='line_1_6' title="bbox 56 747 1107 836; baseline -0.003 -21"><span class='ocrx_word' id='word_1_38' title='bbox 56 774 179 818; x_wconf 84' lang='grc' dir='ltr'><strong><em>ιτατοι</em></strong></span> <span class='ocrx_word' id='word_1_39' title='bbox 201 762 269 817; x_wconf 79' lang='grc' dir='ltr'><strong><em>τῶν</em></strong></span> <span class='ocrx_word' id='word_1_40' title='bbox 291 752 465 836; x_wconf 81' lang='grc' dir='ltr'><strong><em>ἡγεμόνων</em></strong></span> <span class='ocrx_word' id='word_1_41' title='bbox 487 749 612 833; x_wconf 89' lang='grc' dir='ltr'><strong><em>ταύτην</em></strong></span> <span class='ocrx_word' id='word_1_42' title='bbox 635 747 851 833; x_wconf 86' lang='grc' dir='ltr'><strong><em>ἐμνηστευον·</em></strong></span> <span class='ocrx_word' id='word_1_43' title='bbox 881 747 1016 825; x_wconf 69' lang='grc' dir='ltr'><strong><em>ἕκαστος</em></strong></span> <span class='ocrx_word' id='word_1_44' title='bbox 1043 749 1107 834; x_wconf 83' lang='grc' dir='ltr'><strong><em>γάρ</em></strong></span> 
     </span>
     <span class='ocr_line' id='line_1_7' title="bbox 89 853 1109 947; baseline -0.003 -24"><span class='ocrx_word' id='word_1_45' title='bbox 89 860 194 947; x_wconf 79' lang='grc' dir='ltr'><strong><em>τούτῳ</em></strong></span> <span class='ocrx_word' id='word_1_46' title='bbox 221 869 267 945; x_wconf 75' lang='grc' dir='ltr'><strong><em>τῷ</em></strong></span> <span class='ocrx_word' id='word_1_47' title='bbox 294 857 387 946; x_wconf 89' lang='grc' dir='ltr'><strong><em>γάμφ</em></strong></span> <span class='ocrx_word' id='word_1_48' title='bbox 411 859 723 941; x_wconf 74' lang='grc' dir='ltr'><strong><em>συνακολουθήσειν</em></strong></span> <span class='ocrx_word' id='word_1_49' title='bbox 745 855 946 932; x_wconf 78' lang='grc' dir='ltr'><strong><em>Μακεδόνας</em></strong></span> <span class='ocrx_word' id='word_1_50' title='bbox 968 853 1109 934; x_wconf 80' lang='grc' dir='ltr'><strong><em>ἐλπίζων</em></strong></span> 
     </span>
     <span class='ocr_line' id='line_1_8' title="bbox 88 961 1109 1050; baseline -0.004 -19"><span class='ocrx_word' id='word_1_51' title='bbox 88 966 255 1050; x_wconf 80' lang='grc' dir='ltr'><strong><em>ἀντείχετο</em></strong></span> <span class='ocrx_word' id='word_1_52' title='bbox 273 975 331 1049; x_wconf 76' lang='grc' dir='ltr'><strong><em>τῆς</em></strong></span> <span class='ocrx_word' id='word_1_53' title='bbox 348 967 521 1047; x_wconf 79' lang='grc' dir='ltr'><strong><em>βασιλικῆς</em></strong></span> <span class='ocrx_word' id='word_1_54' title='bbox 539 964 655 1047; x_wconf 80' lang='grc' dir='ltr'><strong><em>οἰκίας,</em></strong></span> <span class='ocrx_word' id='word_1_55' title='bbox 674 963 718 1040; x_wconf 81' lang='grc' dir='ltr'><strong><em>ὡς</em></strong></span> <span class='ocrx_word' id='word_1_56' title='bbox 735 963 797 1046; x_wconf 82' lang='grc' dir='ltr'><strong><em>την</em></strong></span> <span class='ocrx_word' id='word_1_57' title='bbox 814 972 882 1028; x_wconf 83' lang='grc' dir='ltr'><strong><em>τῶν</em></strong></span> <span class='ocrx_word' id='word_1_58' title='bbox 898 962 987 1027; x_wconf 82' lang='grc' dir='ltr'><strong><em>ὅλων</em></strong></span> <span class='ocrx_word' id='word_1_59' title='bbox 1003 961 1109 1047; x_wconf 77' lang='grc' dir='ltr'><strong><em>ἀρχὴν</em></strong></span> 
     </span>
     <span class='ocr_line' id='line_1_9' title="bbox 88 1067 1144 1159; baseline -0.005 -21"><span class='ocrx_word' id='word_1_60' title='bbox 88 1075 297 1159; x_wconf 74' lang='grc' dir='ltr'><strong><em>περιστήσων</em></strong></span> <span class='ocrx_word' id='word_1_61' title='bbox 316 1071 363 1147; x_wconf 83' lang='grc' dir='ltr'><strong><em>εἰς</em></strong></span> <span class='ocrx_word' id='word_1_62' title='bbox 381 1068 509 1136; x_wconf 88' lang='grc' dir='ltr'><strong><em>ἐαυτόν.</em></strong></span> <span class='ocrx_word' id='word_1_63' title='bbox 546 1069 564 1136; x_wconf 86' lang='grc' dir='ltr'>ὁ</span> <span class='ocrx_word' id='word_1_64' title='bbox 589 1069 627 1135; x_wconf 79' lang='grc' dir='ltr'><strong><em>δέ</em></strong></span> <span class='ocrx_word' id='word_1_65' title='bbox 649 1067 844 1154; x_wconf 73' lang='grc' dir='ltr'><strong><em>ἐπιμελητὴς</em></strong></span> <span class='ocrx_word' id='word_1_66' title='bbox 861 1080 929 1134; x_wconf 82' lang='grc' dir='ltr'><strong><em>τῶν</em></strong></span> <span class='ocrx_word' id='word_1_67' title='bbox 947 1069 1110 1155; x_wconf 84' lang='grc' dir='ltr'><strong><em>Σάρδεων</em></strong></span> <span class='ocrx_word' id='word_1_68' title='bbox 1128 1093 1144 1143; x_wconf 80' lang='lat'><strong>5</strong></span> 
     </span>
     <span class='ocr_line' id='line_1_10' title="bbox 89 1173 1110 1265; baseline -0.006 -19"><span class='ocrx_word' id='word_1_69' title='bbox 89 1176 174 1265; x_wconf 79' lang='grc' dir='ltr'><strong><em>ἔχων</em></strong></span> <span class='ocrx_word' id='word_1_70' title='bbox 196 1178 411 1264; x_wconf 76' lang='grc' dir='ltr'><strong><em>παράγγελμα</em></strong></span> <span class='ocrx_word' id='word_1_71' title='bbox 433 1177 512 1263; x_wconf 85' lang='grc' dir='ltr'><strong><em>παρ’</em></strong></span> <span class='ocrx_word' id='word_1_72' title='bbox 525 1173 720 1261; x_wconf 89' lang='grc' dir='ltr'><strong><em>Ἀντιγόνου</em></strong></span> <span class='ocrx_word' id='word_1_73' title='bbox 743 1185 857 1261; x_wconf 79' lang='grc' dir='ltr'><strong><em>τηρεῖν</em></strong></span> <span class='ocrx_word' id='word_1_74' title='bbox 879 1177 941 1260; x_wconf 81' lang='grc' dir='ltr'><strong><em>την</em></strong></span> <span class='ocrx_word' id='word_1_75' title='bbox 959 1175 1110 1241; x_wconf 88' lang='grc' dir='ltr'><strong><em>Κλεοπά-</em></strong></span> 
     </span>
    </p>

    <p class='ocr_par' dir='ltr' id='par_1_3' title="bbox 45 1281 1146 1796">
     <span class='ocr_line' id='line_1_11' title="bbox 45 1281 1111 1373; baseline -0.003 -24"><span class='ocrx_word' id='word_1_76' title='bbox 45 1309 71 1349; x_wconf 84' lang='grc' dir='ltr'><strong><em>ιο</em></strong></span> <span class='ocrx_word' id='word_1_77' title='bbox 90 1310 183 1373; x_wconf 90' lang='grc' dir='ltr'><strong><em>τραν,</em></strong></span> <span class='ocrx_word' id='word_1_78' title='bbox 211 1285 392 1352; x_wconf 84' lang='grc' dir='ltr'><strong><em>διεκώλυεν</em></strong></span> <span class='ocrx_word' id='word_1_79' title='bbox 415 1284 516 1369; x_wconf 76' lang='grc' dir='ltr'><strong><em>αὐτῆς</em></strong></span> <span class='ocrx_word' id='word_1_80' title='bbox 538 1285 600 1369; x_wconf 81' lang='grc' dir='ltr'><strong><em>την</em></strong></span> <span class='ocrx_word' id='word_1_81' title='bbox 623 1281 751 1361; x_wconf 78' lang='grc' dir='ltr'><strong><em>ἔξοδον·</em></strong></span> <span class='ocrx_word' id='word_1_82' title='bbox 780 1281 923 1370; x_wconf 77' lang='grc' dir='ltr'><strong><em>ὕστερον</em></strong></span> <span class='ocrx_word' id='word_1_83' title='bbox 946 1282 984 1348; x_wconf 74' lang='grc' dir='ltr'><strong><em>δὲ</em></strong></span> <span class='ocrx_word' id='word_1_84' title='bbox 1008 1298 1111 1368; x_wconf 91' lang='grc' dir='ltr'><strong><em>προσ-</em></strong></span> 
     </span>
     <span class='ocr_line' id='line_1_12' title="bbox 89 1387 1111 1474; baseline -0.005 -15"><span class='ocrx_word' id='word_1_85' title='bbox 89 1392 248 1471; x_wconf 84' lang='grc' dir='ltr'><strong><em>τάξαντος</em></strong></span> <span class='ocrx_word' id='word_1_86' title='bbox 273 1400 334 1457; x_wconf 85' lang='grc' dir='ltr'><strong><em>τοῦ</em></strong></span> <span class='ocrx_word' id='word_1_87' title='bbox 362 1391 531 1457; x_wconf 77' lang='grc' dir='ltr'><strong><em>δυνάστου</em></strong></span> <span class='ocrx_word' id='word_1_88' title='bbox 555 1389 611 1455; x_wconf 88' lang='grc' dir='ltr'><strong><em>διά</em></strong></span> <span class='ocrx_word' id='word_1_89' title='bbox 633 1413 736 1455; x_wconf 86' lang='grc' dir='ltr'><strong><em>τινων</em></strong></span> <span class='ocrx_word' id='word_1_90' title='bbox 758 1400 928 1474; x_wconf 81' lang='grc' dir='ltr'><strong><em>γυναικῶν</em></strong></span> <span class='ocrx_word' id='word_1_91' title='bbox 951 1387 1111 1474; x_wconf 91' lang='grc' dir='ltr'><strong><em>ἐδολοφό-</em></strong></span> 
     </span>
     <span class='ocr_line' id='line_1_13' title="bbox 90 1495 1146 1584; baseline -0.006 -19"><span class='ocrx_word' id='word_1_92' title='bbox 90 1516 200 1584; x_wconf 88' lang='grc' dir='ltr'><strong><em>νησεν.</em></strong></span> <span class='ocrx_word' id='word_1_93' title='bbox 247 1498 271 1565; x_wconf 83' lang='grc' dir='ltr'><strong><em>δ</em></strong></span> <span class='ocrx_word' id='word_1_94' title='bbox 294 1495 325 1564; x_wconf 87' lang='grc' dir='ltr'><strong><em>δ’</em></strong></span> <span class='ocrx_word' id='word_1_95' title='bbox 345 1496 535 1582; x_wconf 90' lang='grc' dir='ltr'><strong><em>Ἀντίγονος</em></strong></span> <span class='ocrx_word' id='word_1_96' title='bbox 561 1497 602 1563; x_wconf 91' lang='grc' dir='ltr'><strong><em>ού</em></strong></span> <span class='ocrx_word' id='word_1_97' title='bbox 629 1498 834 1580; x_wconf 89' lang='grc' dir='ltr'><strong><em>βουλόμενος</em></strong></span> <span class='ocrx_word' id='word_1_98' title='bbox 857 1495 1015 1580; x_wconf 88' lang='grc' dir='ltr'><strong><em>λέγεσθαι</em></strong></span> <span class='ocrx_word' id='word_1_99' title='bbox 1036 1496 1109 1560; x_wconf 91' lang='grc' dir='ltr'><strong><em>κατ’</em></strong></span> <span class='ocrx_word' id='word_1_100' title='bbox 1130 1521 1146 1570; x_wconf 82' lang='lat'><strong>6</strong></span> 
     </span>
     <span class='ocr_line' id='line_1_14' title="bbox 91 1604 1113 1692; baseline -0.006 -19"><span class='ocrx_word' id='word_1_101' title='bbox 91 1607 195 1673; x_wconf 83' lang='grc' dir='ltr'><strong><em>αὐτοῦ</em></strong></span> <span class='ocrx_word' id='word_1_102' title='bbox 236 1606 313 1692; x_wconf 83' lang='grc' dir='ltr'><strong><em>περί</em></strong></span> <span class='ocrx_word' id='word_1_103' title='bbox 353 1614 411 1689; x_wconf 80' lang='grc' dir='ltr'><strong><em>τῆς</em></strong></span> <span class='ocrx_word' id='word_1_104' title='bbox 452 1604 665 1690; x_wconf 87' lang='grc' dir='ltr'><strong><em>ἀναιρέσεως,</em></strong></span> <span class='ocrx_word' id='word_1_105' title='bbox 706 1615 774 1670; x_wconf 82' lang='grc' dir='ltr'><strong><em>τῶν</em></strong></span> <span class='ocrx_word' id='word_1_106' title='bbox 814 1613 984 1688; x_wconf 80' lang='grc' dir='ltr'><strong><em>γυναικῶν</em></strong></span> <span class='ocrx_word' id='word_1_107' title='bbox 1019 1625 1113 1679; x_wconf 88' lang='grc' dir='ltr'><strong><em>τινας</em></strong></span> 
     </span>
     <span class='ocr_line' id='line_1_15' title="bbox 92 1707 1113 1796; baseline -0.004 -17"><span class='ocrx_word' id='word_1_108' title='bbox 92 1711 250 1779; x_wconf 78' lang='grc' dir='ltr'><strong><em>ἐκόλασεν</em></strong></span> <span class='ocrx_word' id='word_1_109' title='bbox 282 1713 326 1790; x_wconf 80' lang='grc' dir='ltr'><strong><em>ὡς</em></strong></span> <span class='ocrx_word' id='word_1_110' title='bbox 358 1710 674 1794; x_wconf 81' lang='grc' dir='ltr'><strong><em>ἐπιβεβουλευκυίας</em></strong></span> <span class='ocrx_word' id='word_1_111' title='bbox 705 1711 761 1776; x_wconf 83' lang='grc' dir='ltr'><strong><em>καί</em></strong></span> <span class='ocrx_word' id='word_1_112' title='bbox 792 1711 832 1776; x_wconf 80' lang='grc' dir='ltr'><strong><em>τά</em></strong></span> <span class='ocrx_word' id='word_1_113' title='bbox 863 1711 940 1796; x_wconf 83' lang='grc' dir='ltr'><strong><em>περί</em></strong></span> <span class='ocrx_word' id='word_1_114' title='bbox 971 1712 1033 1795; x_wconf 83' lang='grc' dir='ltr'><strong><em>την</em></strong></span> <span class='ocrx_word' id='word_1_115' title='bbox 1062 1707 1113 1775; x_wconf 85' lang='grc' dir='ltr'><strong><em>ἐκ·</em></strong></span> 
     </span>
    </p>

    <p class='ocr_par' dir='ltr' id='par_1_4' title="bbox 48 1816 675 1906">
     <span class='ocr_line' id='line_1_16' title="bbox 48 1816 675 1906; baseline 0.003 -25"><span class='ocrx_word' id='word_1_116' title='bbox 48 1841 73 1882; x_wconf 82' lang='grc' dir='ltr'><strong><em>ιι</em></strong></span> <span class='ocrx_word' id='word_1_117' title='bbox 92 1821 204 1906; x_wconf 89' lang='grc' dir='ltr'><strong><em>φοράν</em></strong></span> <span class='ocrx_word' id='word_1_118' title='bbox 226 1822 405 1902; x_wconf 81' lang='grc' dir='ltr'><strong><em>βασιλικῶς</em></strong></span> <span class='ocrx_word' id='word_1_119' title='bbox 427 1816 675 1903; x_wconf 78' lang='grc' dir='ltr'><strong><em>ἐφιλοκάλησεν.</em></strong></span> 
     </span>
    </p>

    <p class='ocr_par' dir='ltr' id='par_1_5' title="bbox 42 1919 1148 2332">
     <span class='ocr_line' id='line_1_17' title="bbox 42 1919 1114 2012; baseline -0.004 -20"><span class='ocrx_word' id='word_1_120' title='bbox 42 1946 91 1993; x_wconf 76' lang='grc'><strong><em>433</em></strong></span> <span class='ocrx_word' id='word_1_121' title='bbox 164 1926 363 2012; x_wconf 89' lang='grc' dir='ltr'><strong><em>Κλεοπάτρα</em></strong></span> <span class='ocrx_word' id='word_1_122' title='bbox 396 1925 458 2009; x_wconf 76' lang='grc' dir='ltr'><strong><em>μὲν</em></strong></span> <span class='ocrx_word' id='word_1_123' title='bbox 489 1919 553 1992; x_wconf 87' lang='grc' dir='ltr'><strong><em>οὖν</em></strong></span> <span class='ocrx_word' id='word_1_124' title='bbox 584 1925 804 2012; x_wconf 84' lang='grc' dir='ltr'><strong><em>περιμάχητος</em></strong></span> <span class='ocrx_word' id='word_1_125' title='bbox 830 1924 992 2011; x_wconf 82' lang='grc' dir='ltr'><strong><em>γενομένη</em></strong></span> <span class='ocrx_word' id='word_1_126' title='bbox 1024 1925 1114 2009; x_wconf 80' lang='grc' dir='ltr'><strong><em>παρὰ</em></strong></span> 
     </span>
     <span class='ocr_line' id='line_1_18' title="bbox 93 2032 1114 2119; baseline -0.003 -21"><span class='ocrx_word' id='word_1_127' title='bbox 93 2043 163 2110; x_wconf 82' lang='grc' dir='ltr'><strong><em>τοῖς</em></strong></span> <span class='ocrx_word' id='word_1_128' title='bbox 191 2032 465 2118; x_wconf 80' lang='grc' dir='ltr'><strong><em>ἐπιφανεστάτοις</em></strong></span> <span class='ocrx_word' id='word_1_129' title='bbox 493 2034 632 2118; x_wconf 72' lang='grc' dir='ltr'><strong><em>ἡγεμόσι</em></strong></span> <span class='ocrx_word' id='word_1_130' title='bbox 660 2033 726 2119; x_wconf 91' lang='grc' dir='ltr'><strong><em>πρὸ</em></strong></span> <span class='ocrx_word' id='word_1_131' title='bbox 757 2042 818 2098; x_wconf 85' lang='grc' dir='ltr'><strong><em>τοῦ</em></strong></span> <span class='ocrx_word' id='word_1_132' title='bbox 850 2036 1114 2114; x_wconf 76' lang='grc' dir='ltr'><strong><em>συντελεσθῆναι</em></strong></span> 
     </span>
     <span class='ocr_line' id='line_1_19' title="bbox 93 2137 1148 2225; baseline 0.005 -21"><span class='ocrx_word' id='word_1_133' title='bbox 93 2141 154 2204; x_wconf 88' lang='grc' dir='ltr'><strong><em>τὸν</em></strong></span> <span class='ocrx_word' id='word_1_134' title='bbox 189 2139 297 2224; x_wconf 93' lang='grc' dir='ltr'><strong><em>γάμον</em></strong></span> <span class='ocrx_word' id='word_1_135' title='bbox 334 2140 488 2224; x_wconf 82' lang='grc' dir='ltr'><strong><em>τοιαύτης</em></strong></span> <span class='ocrx_word' id='word_1_136' title='bbox 524 2137 618 2225; x_wconf 79' lang='grc' dir='ltr'><strong><em>ἔτυχε</em></strong></span> <span class='ocrx_word' id='word_1_137' title='bbox 653 2150 892 2225; x_wconf 76' lang='grc' dir='ltr'><strong><em>καταστροφῆς.</em></strong></span> <span class='ocrx_word' id='word_1_138' title='bbox 948 2141 1042 2224; x_wconf 80' lang='grc' dir='ltr'><strong><em>ἡμεῖς</em></strong></span> <span class='ocrx_word' id='word_1_139' title='bbox 1077 2139 1148 2209; x_wconf 78' lang='grc' dir='ltr'><strong><em>δέι</em></strong></span> 
     </span>
     <span class='ocr_line' id='line_1_20' title="bbox 95 2243 1115 2332; baseline 0.002 -22"><span class='ocrx_word' id='word_1_140' title='bbox 95 2247 332 2330; x_wconf 73' lang='grc' dir='ltr'><strong><em>διεληλυθότες</em></strong></span> <span class='ocrx_word' id='word_1_141' title='bbox 366 2249 407 2312; x_wconf 82' lang='grc' dir='ltr'><strong><em>τὰ</em></strong></span> <span class='ocrx_word' id='word_1_142' title='bbox 443 2248 525 2312; x_wconf 80' lang='grc' dir='ltr'><strong><em>κατὰ</em></strong></span> <span class='ocrx_word' id='word_1_143' title='bbox 561 2248 622 2332; x_wconf 81' lang='grc' dir='ltr'><strong><em>την</em></strong></span> <span class='ocrx_word' id='word_1_144' title='bbox 652 2247 765 2312; x_wconf 87' lang='grc' dir='ltr'><strong><em>Ἀσίαν</em></strong></span> <span class='ocrx_word' id='word_1_145' title='bbox 795 2248 852 2312; x_wconf 83' lang='grc' dir='ltr'><strong><em>καί</em></strong></span> <span class='ocrx_word' id='word_1_146' title='bbox 883 2248 945 2332; x_wconf 79' lang='grc' dir='ltr'><strong><em>τὴν</em></strong></span> <span class='ocrx_word' id='word_1_147' title='bbox 972 2243 1115 2312; x_wconf 84' lang='grc' dir='ltr'><strong><em>Ἑλλάδα</em></strong></span> 
     </span>
    </p>

    <p class='ocr_par' dir='ltr' id='par_1_6' title="bbox 51 2352 1116 2544">
     <span class='ocr_line' id='line_1_21' title="bbox 51 2352 1116 2439; baseline 0.004 -24"><span class='ocrx_word' id='word_1_148' title='bbox 51 2375 77 2414; x_wconf 84' lang='grc' dir='ltr'><strong><em>εο</em></strong></span> <span class='ocrx_word' id='word_1_149' title='bbox 95 2352 358 2436; x_wconf 88' lang='grc' dir='ltr'><strong><em>μεταβιβάσομεν</em></strong></span> <span class='ocrx_word' id='word_1_150' title='bbox 387 2354 448 2419; x_wconf 89' lang='grc' dir='ltr'><strong><em>τὸν</em></strong></span> <span class='ocrx_word' id='word_1_151' title='bbox 477 2355 579 2439; x_wconf 93' lang='grc' dir='ltr'><strong><em>λόγον</em></strong></span> <span class='ocrx_word' id='word_1_152' title='bbox 609 2352 664 2420; x_wconf 83' lang='grc' dir='ltr'><strong><em>ἐπί</em></strong></span> <span class='ocrx_word' id='word_1_153' title='bbox 693 2355 732 2419; x_wconf 80' lang='grc' dir='ltr'><strong><em>τὰ</em></strong></span> <span class='ocrx_word' id='word_1_154' title='bbox 763 2355 846 2420; x_wconf 85' lang='grc' dir='ltr'><strong><em>ἀλλα</em></strong></span> <span class='ocrx_word' id='word_1_155' title='bbox 873 2353 955 2439; x_wconf 88' lang='grc' dir='ltr'><strong><em>μέρη</em></strong></span> <span class='ocrx_word' id='word_1_156' title='bbox 983 2363 1041 2438; x_wconf 80' lang='grc' dir='ltr'><strong><em>της</em></strong></span> <span class='ocrx_word' id='word_1_157' title='bbox 1068 2355 1116 2419; x_wconf 84' lang='grc' dir='ltr'><strong><em>οί-</em></strong></span> 
     </span>
     <span class='ocr_line' id='line_1_22' title="bbox 94 2458 266 2544; baseline 0 -19"><span class='ocrx_word' id='word_1_158' title='bbox 94 2458 266 2544; x_wconf 90' lang='grc' dir='ltr'><strong><em>κουμένης.</em></strong></span> 
     </span>
    </p>

    <p class='ocr_par' dir='ltr' id='par_1_7' title="bbox 93 2567 1168 2870">
     <span class='ocr_line' id='line_1_23' title="bbox 168 2567 1168 2654; baseline 0.006 -23"><span class='ocrx_word' id='word_1_159' title='bbox 168 2568 263 2632; x_wconf 87' lang='grc' dir='ltr'><strong><em>Κατά</em></strong></span> <span class='ocrx_word' id='word_1_160' title='bbox 285 2568 349 2653; x_wconf 82' lang='grc' dir='ltr'><strong><em>γάρ</em></strong></span> <span class='ocrx_word' id='word_1_161' title='bbox 372 2568 442 2652; x_wconf 81' lang='grc' dir='ltr'><strong><em>τηνΙ</em></strong></span> <span class='ocrx_word' id='word_1_162' title='bbox 456 2567 590 2652; x_wconf 90' lang='grc' dir='ltr'><strong><em>Λιβύην</em></strong></span> <span class='ocrx_word' id='word_1_163' title='bbox 613 2568 856 2654; x_wconf 83' lang='grc' dir='ltr'><strong><em>Καρχηδονίων</em></strong></span> <span class='ocrx_word' id='word_1_164' title='bbox 879 2567 1117 2652; x_wconf 82' lang='grc' dir='ltr'><strong><em>ἐκπεμψάντων</em></strong></span> <span class='ocrx_word' id='word_1_165' title='bbox 1125 2571 1168 2637; x_wconf 84' lang='grc'><strong><em>38</em></strong></span> 
     </span>
     <span class='ocr_line' id='line_1_24' title="bbox 97 2672 1117 2760; baseline 0.005 -22"><span class='ocrx_word' id='word_1_166' title='bbox 97 2674 243 2756; x_wconf 88' lang='grc' dir='ltr'><strong><em>δύναμιν</em></strong></span> <span class='ocrx_word' id='word_1_167' title='bbox 264 2676 326 2759; x_wconf 82' lang='grc' dir='ltr'><strong><em>την</em></strong></span> <span class='ocrx_word' id='word_1_168' title='bbox 347 2672 599 2760; x_wconf 82' lang='grc' dir='ltr'><strong><em>προσαξομένην</em></strong></span> <span class='ocrx_word' id='word_1_169' title='bbox 616 2677 695 2752; x_wconf 86' lang='grc' dir='ltr'><strong><em>τοὺς</em></strong></span> <span class='ocrx_word' id='word_1_170' title='bbox 713 2674 938 2760; x_wconf 84' lang='grc' dir='ltr'><strong><em>ἀφεστηκότας</em></strong></span> <span class='ocrx_word' id='word_1_171' title='bbox 956 2678 1117 2760; x_wconf 91' lang='grc' dir='ltr'><strong><em>Νομάδας</em></strong></span> 
     </span>
     <span class='ocr_line' id='line_1_25' title="bbox 93 2779 1118 2870; baseline 0.003 -23"><span class='ocrx_word' id='word_1_172' title='bbox 93 2780 298 2865; x_wconf 80' lang='grc' dir='ltr'><strong><em>Ἀγαθοκλῆς</em></strong></span> <span class='ocrx_word' id='word_1_173' title='bbox 321 2779 375 2846; x_wconf 80' lang='grc' dir='ltr'><strong><em>ἐπί</em></strong></span> <span class='ocrx_word' id='word_1_174' title='bbox 397 2782 459 2864; x_wconf 76' lang='grc' dir='ltr'><strong><em>μὲν</em></strong></span> <span class='ocrx_word' id='word_1_175' title='bbox 481 2790 541 2847; x_wconf 85' lang='grc' dir='ltr'><strong><em>τοῦ</em></strong></span> <span class='ocrx_word' id='word_1_176' title='bbox 561 2782 708 2866; x_wconf 76' lang='grc' dir='ltr'><strong><em>Ῥύνητος</em></strong></span> <span class='ocrx_word' id='word_1_177' title='bbox 730 2780 890 2848; x_wconf 88' lang='grc' dir='ltr'><strong><em>ἀπέλιπεν</em></strong></span> <span class='ocrx_word' id='word_1_178' title='bbox 908 2780 1118 2870; x_wconf 85' lang='grc' dir='ltr'><strong><em>Ἀρχάγαθον</em></strong></span> 
     </span>
    </p>

    <p class='ocr_par' dir='ltr' id='par_1_8' title="bbox 53 2887 1154 3295">
     <span class='ocr_line' id='line_1_26' title="bbox 53 2887 1119 2975; baseline 0.007 -26"><span class='ocrx_word' id='word_1_179' title='bbox 53 2909 79 2950; x_wconf 81' lang='grc' dir='ltr'><strong><em>ιι</em></strong></span> <span class='ocrx_word' id='word_1_180' title='bbox 97 2889 157 2954; x_wconf 91' lang='grc' dir='ltr'><strong><em>τὸν</em></strong></span> <span class='ocrx_word' id='word_1_181' title='bbox 180 2889 257 2954; x_wconf 80' lang='grc' dir='ltr'><strong><em>υἱὸν</em></strong></span> <span class='ocrx_word' id='word_1_182' title='bbox 285 2888 365 2971; x_wconf 82' lang='grc' dir='ltr'><strong><em>μετά</em></strong></span> <span class='ocrx_word' id='word_1_183' title='bbox 392 2887 514 2975; x_wconf 89' lang='grc' dir='ltr'><strong><em>μέρους</em></strong></span> <span class='ocrx_word' id='word_1_184' title='bbox 540 2897 599 2974; x_wconf 78' lang='grc' dir='ltr'><strong><em>τῆς</em></strong></span> <span class='ocrx_word' id='word_1_185' title='bbox 625 2897 792 2974; x_wconf 85' lang='grc' dir='ltr'><strong><em>στρατιᾶς,</em></strong></span> <span class='ocrx_word' id='word_1_186' title='bbox 820 2889 921 2967; x_wconf 88' lang='grc' dir='ltr'><strong><em>αὐτὸς</em></strong></span> <span class='ocrx_word' id='word_1_187' title='bbox 948 2891 980 2955; x_wconf 91' lang='grc' dir='ltr'><strong><em>δ’</em></strong></span> <span class='ocrx_word' id='word_1_188' title='bbox 997 2890 1119 2956; x_wconf 89' lang='grc' dir='ltr'><strong><em>ἀναλα-</em></strong></span> 
     </span>
     <span class='ocr_line' id='line_1_27' title="bbox 98 2995 1119 3082; baseline 0.002 -22"><span class='ocrx_word' id='word_1_189' title='bbox 98 2997 170 3079; x_wconf 83' lang='grc' dir='ltr'><strong><em>βὼν</em></strong></span> <span class='ocrx_word' id='word_1_190' title='bbox 192 2999 272 3073; x_wconf 86' lang='grc' dir='ltr'><strong><em>τοὺς</em></strong></span> <span class='ocrx_word' id='word_1_191' title='bbox 298 2997 509 3081; x_wconf 87' lang='grc' dir='ltr'><strong><em>κρατίστους,</em></strong></span> <span class='ocrx_word' id='word_1_192' title='bbox 537 2999 655 3074; x_wconf 79' lang='grc' dir='ltr'><strong><em>πεζοὺς</em></strong></span> <span class='ocrx_word' id='word_1_193' title='bbox 677 2995 739 3079; x_wconf 74' lang='grc' dir='ltr'><strong><em>μὲν</em></strong></span> <span class='ocrx_word' id='word_1_194' title='bbox 761 2995 1039 3082; x_wconf 84' lang='grc' dir='ltr'><strong><em>ὀκτακισχιλίους,</em></strong></span> <span class='ocrx_word' id='word_1_195' title='bbox 1068 2998 1119 3062; x_wconf 83' lang='grc' dir='ltr'><strong><em>ίπ-</em></strong></span> 
     </span>
     <span class='ocr_line' id='line_1_28' title="bbox 99 3101 1120 3189; baseline 0.003 -22"><span class='ocrx_word' id='word_1_196' title='bbox 99 3112 171 3180; x_wconf 84' lang='grc' dir='ltr'><strong><em>πείς</em></strong></span> <span class='ocrx_word' id='word_1_197' title='bbox 204 3102 242 3168; x_wconf 79' lang='grc' dir='ltr'><strong><em>δέ</em></strong></span> <span class='ocrx_word' id='word_1_198' title='bbox 264 3101 495 3187; x_wconf 85' lang='grc' dir='ltr'><strong><em>ὀκτακοσίους,</em></strong></span> <span class='ocrx_word' id='word_1_199' title='bbox 531 3103 628 3187; x_wconf 77' lang='grc' dir='ltr'><strong><em>ζεύγη</em></strong></span> <span class='ocrx_word' id='word_1_200' title='bbox 665 3103 703 3168; x_wconf 80' lang='grc' dir='ltr'><strong><em>δέ</em></strong></span> <span class='ocrx_word' id='word_1_201' title='bbox 733 3104 873 3187; x_wconf 87' lang='grc' dir='ltr'><strong><em>Λιβύων</em></strong></span> <span class='ocrx_word' id='word_1_202' title='bbox 904 3106 1120 3189; x_wconf 81' lang='grc' dir='ltr'><strong><em>πεντήκοντα,</em></strong></span> 
     </span>
     <span class='ocr_line' id='line_1_29' title="bbox 98 3207 1154 3295; baseline 0.003 -20"><span class='ocrx_word' id='word_1_203' title='bbox 98 3210 182 3275; x_wconf 86' lang='grc' dir='ltr'><strong><em>κατά</em></strong></span> <span class='ocrx_word' id='word_1_204' title='bbox 222 3210 375 3295; x_wconf 76' lang='grc' dir='ltr'><strong><em>σπουδὴν</em></strong></span> <span class='ocrx_word' id='word_1_205' title='bbox 411 3207 634 3294; x_wconf 76' lang='grc' dir='ltr'><strong><em>ἐπηκολούθει</em></strong></span> <span class='ocrx_word' id='word_1_206' title='bbox 671 3220 742 3288; x_wconf 81' lang='grc' dir='ltr'><strong><em>τοῖς</em></strong></span> <span class='ocrx_word' id='word_1_207' title='bbox 777 3212 954 3294; x_wconf 89' lang='grc' dir='ltr'><strong><em>πολεμίοις.</em></strong></span> <span class='ocrx_word' id='word_1_208' title='bbox 1013 3212 1047 3277; x_wconf 81' lang='grc' dir='ltr'><strong><em>ολ</em></strong></span> <span class='ocrx_word' id='word_1_209' title='bbox 1083 3211 1154 3278; x_wconf 79' lang='grc' dir='ltr'><strong><em>δέκ</em></strong></span> 
     </span>
    </p>
   </div>
   <div class='ocr_carea' id='block_1_3' title="bbox 100 3403 1171 3619">
    <p class='ocr_par' dir='ltr' id='par_1_9' title="bbox 100 3403 1171 3619">
     <span class='ocr_line' id='line_1_30' title="bbox 172 3403 1141 3476; baseline -0.011 -18"><span class='ocrx_word' id='word_1_210' title='bbox 172 3405 188 3458; x_wconf 96' lang='lat' dir='ltr'>l</span> <span class='ocrx_word' id='word_1_211' title='bbox 208 3404 242 3459; x_wconf 80' lang='lat' dir='ltr'><strong><em>cf.</em></strong></span> <span class='ocrx_word' id='word_1_212' title='bbox 261 3403 326 3458; x_wconf 84' lang='lat' dir='ltr'><strong><em>XVI</em></strong></span> <span class='ocrx_word' id='word_1_213' title='bbox 346 3410 418 3472; x_wconf 54' lang='lat' dir='ltr'><strong><em>‘12st</em></strong></span> <span class='ocrx_word' id='word_1_214' title='bbox 439 3403 557 3476; x_wconf 53' lang='lat' dir='ltr'><strong>(west).</strong></span> <span class='ocrx_word' id='word_1_215' title='bbox 612 3404 630 3458; x_wconf 80' lang='grc'><strong>6</strong></span> <span class='ocrx_word' id='word_1_216' title='bbox 647 3405 753 3460; x_wconf 84' lang='grc' dir='ltr'><strong><em>τούτων</em></strong></span> <span class='ocrx_word' id='word_1_217' title='bbox 771 3405 801 3458; x_wconf 80' lang='lat' dir='ltr'><strong><em>F.</em></strong></span> <span class='ocrx_word' id='word_1_218' title='bbox 857 3403 893 3457; x_wconf 74' lang='lat'><strong><em>10</em></strong></span> <span class='ocrx_word' id='word_1_219' title='bbox 912 3404 1141 3456; x_wconf 56' lang='grc' dir='ltr'><strong><em>διετίαλωοεοῖ,</em></strong></span> 
     </span>
     <span class='ocr_line' id='line_1_31' title="bbox 101 3461 1171 3550; baseline -0.014 -18"><span class='ocrx_word' id='word_1_220' title='bbox 101 3475 136 3529; x_wconf 81' lang='grc'><strong><em>12</em></strong></span> <span class='ocrx_word' id='word_1_221' title='bbox 154 3474 191 3544; x_wconf 79' lang='grc' dir='ltr'><strong><em>μὴ</em></strong></span> <span class='ocrx_word' id='word_1_222' title='bbox 210 3471 377 3545; x_wconf 84' lang='grc' dir='ltr'><strong><em>βουλόμενος</em></strong></span> <span class='ocrx_word' id='word_1_223' title='bbox 394 3475 424 3530; x_wconf 78' lang='lat' dir='ltr'><strong><em>F.</em></strong></span> <span class='ocrx_word' id='word_1_224' title='bbox 483 3475 520 3531; x_wconf 75' lang='lat'><strong><em>20</em></strong></span> <span class='ocrx_word' id='word_1_225' title='bbox 539 3475 746 3550; x_wconf 84' lang='grc' dir='ltr'><strong><em>διαβιβάσομεν</em></strong></span> <span class='ocrx_word' id='word_1_226' title='bbox 760 3476 801 3529; x_wconf 56' lang='grc' dir='ltr'><strong><em>Ὦ.</em></strong></span> <span class='ocrx_word' id='word_1_227' title='bbox 854 3473 900 3526; x_wconf 61' lang='lat' dir='ltr'><strong><em>‘R</em></strong></span> <span class='ocrx_word' id='word_1_228' title='bbox 915 3461 1171 3535; x_wconf 48' lang='lat' dir='ltr'><strong><em>wwwmx</em></strong></span> 
     </span>
     <span class='ocr_line' id='line_1_32' title="bbox 100 3537 982 3619; baseline -0.022 -6"><span class='ocrx_word' id='word_1_229' title='bbox 100 3543 322 3618; x_wconf 61' lang='grc' dir='ltr'><strong><em>πθθθδθξθμένην</em></strong></span> <span class='ocrx_word' id='word_1_230' title='bbox 339 3547 421 3619; x_wconf 81' lang='lat' dir='ltr'>h&#39;bri3</span> <span class='ocrx_word' id='word_1_231' title='bbox 442 3565 515 3608; x_wconf 83' lang='lat' dir='ltr'>corr.</span> <span class='ocrx_word' id='word_1_232' title='bbox 532 3549 624 3609; x_wconf 59' lang='lat' dir='ltr'>Dina.</span> <span class='ocrx_word' id='word_1_233' title='bbox 699 3547 745 3605; x_wconf 67' lang='lat'><strong><em>24</em></strong></span> <span class='ocrx_word' id='word_1_234' title='bbox 760 3543 921 3602; x_wconf 61' lang='grc' dir='ltr'><strong><em>κατέλιπεν</em></strong></span> <span class='ocrx_word' id='word_1_235' title='bbox 935 3537 982 3590; x_wconf 54' lang='grc' dir='ltr'><strong><em>Ὦ·</em></strong></span> 
     </span>
    </p>
   </div>
   <div class='ocr_carea' id='block_1_4' title="bbox 969 3632 1032 3688">
    <p class='ocr_par' dir='ltr' id='par_1_10' title="bbox 969 3632 1032 3688">
     <span class='ocr_line' id='line_1_33' title="bbox 969 3632 1032 3688; baseline 0 0"><span class='ocrx_word' id='word_1_236' title='bbox 969 3632 1032 3688; x_wconf 59' lang='lat' dir='ltr'><strong><em>us·</em></strong></span> 
     </span>
    </p>
   </div>
   <div class='ocr_carea' id='block_1_5' title="bbox 0 0 1250 3848">
    <p class='ocr_par' dir='ltr' id='par_1_11' title="bbox 0 0 1250 3848">
     <span class='ocr_line' id='line_1_34' title="bbox 0 0 1250 3848; baseline 0 0"><span class='ocrx_word' id='word_1_237' title='bbox 0 0 1250 3848; x_wconf 95' lang='lat' dir='ltr'><strong><em> </em></strong></span> 
     </span>
    </p>
   </div>
  </div>
 </body>
</html>
