2460 3848
435 187 476 242 01.
489 192 549 254 ιιι,
560 193 588 242 1:
609 192 660 242 ειν
675 203 700 243 a.
712 185 775 242 chr.
1051 190 1115 257 145

95 335 240 417 δύναμιν
267 332 459 398 ἀποστεῖλαι
485 334 547 417 την
568 334 726 417 ταχίστην
748 332 769 417 ἢ
796 332 852 399 καί
879 333 983 398 αὐτὸν
1010 353 1115 420 παρα-

94 444 211 524 βαλεῖν
234 442 281 517 είς
303 440 365 524 την
388 441 529 526 Συρίαν.
571 439 589 504 ὁ
613 436 644 504 δ’
658 435 849 522 Ἀντύγονος
872 437 1031 525 ἐτύγχανε
1054 441 1151 523 μένε

95 549 143 613 ὢν
175 546 212 613 έν
239 551 420 623 Κελαιναῖς
450 555 508 629 τῆς
539 549 702 633 Φρυγίας,
734 546 954 630 κομισάμενος
985 547 1023 612 δὲ
1054 549 1116 632 τὴν

95 653 272 739 ἐπιστολὴν
295 652 395 739 ἐχάρη
419 653 647 738 διαφερόντως
669 651 725 719 έπί
746 665 791 740 τῷ
815 654 929 719 δοκεῖν
951 655 1011 719 τὸν
1038 655 1116 720 νίὸν

63 783 75 824 ε
93 760 173 827 νέον
196 761 278 826 όντα
299 759 557 846 κατωρθωκέναι
581 757 625 824 δι’
644 758 748 825 αὑτοῦ
770 761 826 826 καί
850 762 1034 845 φαίνεσθαι
1056 764 1116 844 βα-

94 869 219 944 σιλείας
246 864 348 944 άξιον.
399 866 499 944 αὐτὸς
526 866 564 932 δέ
590 867 652 951 την
680 867 825 951 δύναμιν
853 867 1031 950 ἀναλαβὼν
1058 867 1116 934 άν-

95 971 223 1053 έζευξεν
252 971 289 1039 έκ
318 983 375 1058 τῆς
406 976 556 1059 Φρυγίας
583 974 640 1039 καὶ
668 975 728 1040 τὸν
756 965 888 1060 Ταῦρον
915 974 1116 1060 ὑπερβαλὼν

94 1081 222 1164 ὀλίγαις
252 1079 388 1166 ἡμέραις
420 1079 573 1163 συνέμιξε
605 1090 675 1157 τοῖς
710 1082 787 1167 περὶ
820 1083 880 1146 τὸν
912 1084 1114 1168 Δημήτριον.

95 1192 301 1270 Πτολεμαῖος
328 1187 367 1252 δὲ
392 1189 586 1270 πυθόμενος
615 1187 677 1271 την
701 1184 894 1270 Ἀντιγόνου
926 1191 1149 1273 παρουσίανο

49 1316 76 1356 ιο
94 1294 150 1361 καί
177 1294 376 1378 συναγαγὼν
398 1297 478 1370 τοὺς
503 1294 668 1378 ἡγεμόνας
693 1294 750 1359 καὶ
772 1296 893 1378 φίλους
918 1292 1113 1377 ἐβουλεύετο

94 1403 236 1486 πότερον
268 1399 431 1487 συμφέρει
462 1399 576 1483 μένειν
608 1400 664 1466 καί
696 1400 917 1484 ἀγωνίζεσθαι
943 1401 1021 1486 περὶ
1047 1412 1114 1467 τῶν

94 1508 182 1574 ὅλων
199 1509 282 1573 κατδι
300 1509 433 1594 Συρίαν
450 1507 471 1592 ἢ
496 1507 656 1592 προάγειν
677 1509 725 1584 είς
741 1508 918 1592 Αίγυπτον
939 1507 995 1572 καί
1018 1512 1138 1573 πολε-.

92 1624 168 1698 μεῖν
186 1612 326 1698 ἐκεῖθεν,
349 1614 501 1700 καθάπερ
521 1614 576 1679 καί
594 1615 759 1699 πρότερον
776 1615 956 1701 Περδίκκᾳ.
994 1614 1114 1692 πάντες
1133 1633 1148 1682 ο

93 1716 156 1787 οὖν
189 1720 437 1803 συνεβούλευον
467 1722 511 1806 μη
545 1721 813 1786 διακινδυνεύειν
849 1722 932 1807 πρὸς
968 1721 1114 1804 δύναμιν

46 1847 73 1890 ιι
92 1829 365 1895 πολλαπλασίονα
386 1827 443 1894 καί
465 1830 598 1913 θηρίων
620 1833 766 1913 πλῆθος,
794 1824 842 1892 έτι
867 1827 905 1893 δὲ
929 1831 1114 1917 στρατηγὸν

42 1936 271 2020 οοοάήττητον·
295 1932 529 2020 εὐχερέστερον
547 1936 610 2020 γάρ
629 1939 741 2022 πολλῷ
761 1934 1014 2018 διαγωνιεῖσθαι
1032 1937 1114 2001 κατά

91 2043 153 2127 την
170 2042 357 2126 Αἴγυπτον,
374 2050 447 2118 ταῖς
465 2063 500 2106 τε
517 2043 689 2127 χορηγίαις
707 2039 911 2127 ὑπερέχοντα
928 2041 984 2106 καὶ
1001 2043 1113 2107 τόπων

92 2148 267 2234 ὀχυρότητι
297 2147 504 2213 πιστεύοντα.
558 2148 611 2213 διὸ
639 2148 696 2213 καὶ
724 2150 841 2230 κρίνας
872 2145 1020 2214 ἐκλιπεῖν
1051 2150 1147 2233 τηντ

92 2257 225 2341 Συρίαν
251 2254 435 2335 κατέσκαψε
457 2255 516 2331 τάς
539 2252 798 2339 ἀξιολογωτάτας
826 2264 893 2320 τῶν
916 2254 1113 2340 κεκρατημέ-

46 2385 74 2425 εο
91 2387 162 2428 νων
184 2364 324 2446 πόλεων,
339 2359 444 2446 ’Ἁκην
466 2361 528 2445 μὲν
550 2372 609 2448 τῆς
635 2364 792 2446 Φοινίκης
811 2363 955 2447 Συρίας,
975 2358 1112 2445 Ἰόππην

92 2469 130 2534 δὲ
159 2468 214 2535 καί
243 2468 437 2554 Σαμάρειαν
466 2469 522 2534 καί
549 2468 657 2547 Γάζαν
686 2473 745 2554 τῆς
773 2471 917 2555 Συρίας,
947 2468 1047 2545 αὐτὸς
1074 2469 1112 2534 δὲ

91 2576 154 2660 την
176 2575 321 2658 δύναμιν
344 2574 522 2658 άναλαβὼν
545 2576 600 2641 καί
627 2587 695 2641 τῶν
721 2575 896 2661 χρημάτων
920 2575 982 2641 ὅσα
1009 2577 1112 2641 δυνα-

92 2683 152 2748 τὸν
173 2678 217 2766 ἦν
239 2683 333 2767 άγειν
355 2682 376 2767 ἣ
400 2681 517 2768 φέρειν
539 2680 730 2768 ἐπανῆλθεν
753 2684 800 2758 είς
822 2683 1006 2766 Αἴγυπτον.

159 2785 349 2874 Ἀντίγονος
386 2789 417 2853 δ’
448 2788 635 2865 ἀκινδύνως
671 2788 937 2874 ἀνακτησάμενος
977 2793 1039 2874 τήν
1074 2812 1110 2855 τε
1121 2789 1165 2854 94

45 2918 73 2960 ιε
92 2898 225 2984 Συρίαν
247 2904 358 2962 πᾶσαν
381 2896 436 2961 καί
458 2897 619 2980 Φοινίκην
641 2893 818 2978 έπεβάλετο
843 2897 1035 2981 στρατεύειν
1058 2894 1112 2962 ἐπὶ

163 3054 180 3108 l
205 3055 379 3124 παραβαλεῖν
405 3053 445 3115 είς
468 3051 578 3121 Συρίαν
600 3053 622 3106 F
649 3053 824 3122 παραλαβεῖν
846 3053 897 3122 τὴν
921 3050 1030 3120 Συρίαν
1051 3052 1110 3107 RX.

90 3123 167 3180 δάν
186 3125 284 3180 om.F.
322 3125 356 3179 cf.
372 3125 539 3179 P1ut.1)em.
555 3129 579 3178 ό.
647 3124 730 3178 λέπλ
748 3120 779 3179 τὸ
799 3125 894 3178 δοκεῖν
908 3125 939 3190 F,
954 3140 1023 3177 corr.
1039 3129 1109 3178 λοι.

91 3197 176 3251 §aaz
196 3194 234 3251 δι’
252 3195 353 3251 ἑαυτοῦ
372 3193 592 3264 κατωρθωκέναι
609 3196 640 3250 F.
700 3195 717 3250 8
736 3191 872 3266 συνέμιξε]
893 3192 1033 3260 σννέζευξε
1051 3194 1110 3248 RX.

92 3267 127 3322 10
144 3268 194 3322 καλ
213 3265 312 3337 φίλους
330 3284 383 3322 om.
397 3268 432 3335 1⁴¹3
452 3269 504 3321 ast.
523 3269 580 3321 σοι.
597 3266 692 3334 Steph.
754 3266 788 3320 11
808 3283 844 3320 an
863 3268 911 3321 καλ
931 3264 1110 3339 <δι>αγωνί-

91 3343 208 3404 ζεσθαιῖ
285 3337 320 3393 18
350 3335 421 3407 πρδς
447 3335 611 3407 Περδίκκαν
638 3338 668 3392 F.
748 3336 784 3391 16
816 3336 884 3392 όντα
916 3337 1052 3407 ἀήττητον
1078 3338 1108 3391 F.

92 3410 127 3466 18
146 3409 281 3538 έκλιπεῖνχ
300 3408 341 3465 ἔτι
359 3413 449 3465 λιπεῖν
467 3411 497 3463 F.
559 3409 595 3464 20
612 3417 660 3479 της
680 3407 897 3476 Φοννικοουοίας
911 3409 1018 3484 ’δμωσὶ
1037 3405 1126 3482 ’βη-

91 3501 148 3551 πην
167 3479 260 3536 RX’I
275 3500 331 3551 πην
349 3481 383 3549 Ε’;
403 3482 438 3536 cf.
457 3480 522 3537 XIX
540 3486 625 3552 59,λ.
679 3479 719 3537 ‘23
739 3472 1083 3551 &quwffiwkthxx‘m
1095 3467 1153 3525 Q&-

90 3553 163 3608 Ρλοῖ.
178 3551 255 3606 Dem.
274 3558 302 3620 ῖς
318 3552 426 3624 Wess.).

131 3658 255 3700 Diodorus.
273 3661 299 3702 V.
978 3643 1023 3692 &Q
