2460 3848
112 199 176 266 132
458 196 571 252 Diodor.
581 195 645 250 XIX
659 200 782 251 82-84.

110 346 217 421 πεζῶν
239 343 424 427 φάλαγγος,
450 339 545 425 μίξας
573 342 620 419 είς
642 340 683 406 τά
705 341 908 425 διαστήματα
930 351 998 407 τῶν
1020 345 1131 420 ψιλῶν

109 452 188 528 τοὺς
208 449 350 527 ἱκανούς.
382 453 574 534 Δημήτριος
590 447 653 531 μὲν
666 443 729 514 οὖν
748 448 944 532 διεκόσμησε
962 449 1023 532 τὴν
1039 448 1130 516 ἰδίαν

110 557 255 639 δύναμιν
277 557 337 622 τὸν
360 557 486 643 τρόπον
508 563 638 622 τοῦτον.

57 661 99 727 83
184 663 227 727 Οἱ
250 662 288 727 δέ
312 662 389 749 περὶ
411 663 472 728 τὸν
494 667 705 745 Πτολεμαῖον
727 661 783 727 καὶ
804 660 976 728 Σέλευκον
1002 662 1039 726 τὸ
1068 662 1130 744 μὲν

109 780 243 855 πρῶτον
266 765 384 846 ἔταξαν
408 770 549 855 ἰσχυρὰν
566 769 628 855 την
647 768 822 850 εὐώνυμον
839 766 943 853 τάξιν,
966 768 1130 853 άγνοοῦν-
1162 790 1175 830 ι

109 898 163 952 τες
190 886 259 941 τῶν
288 873 450 943 ἐναυτίων
479 878 541 961 τὴν
573 874 745 960 ἐπιβολήν·
778 877 944 958 μαθόντες
973 875 1011 940 δὲ
1040 877 1130 961 παρά

108 992 177 1048 τῶν
194 984 411 1049 κατασκόπων
427 984 464 1048 τὸ
483 982 621 1067 γεγονὸς
639 980 762 1067 ταχέως
780 978 932 1060 ἐξέταξαν
947 984 1009 1067 την
1028 983 1130 1048 δόνα-

109 1112 167 1171 μιν
197 1088 286 1166 ὅπως
315 1090 352 1154 τὸ
385 1088 497 1169 δεξιὸν
527 1088 626 1174 κέρας
659 1090 756 1174 ἰσχὺν
788 1085 866 1174 ἕχον
896 1089 952 1155 καὶ
984 1090 1130 1172 δύναμιν

108 1195 170 1281 την
201 1198 380 1283 κρατίστην
412 1197 649 1281 διαγωνίσηται
680 1196 764 1281 πρὸς
794 1198 874 1273 τοὺς
904 1197 985 1279 μετδι
1014 1200 1130 1281 Δημη-

108 1305 203 1390 τρίου
226 1301 446 1387 τεταγμένους
468 1301 505 1369 ἐν
527 1313 598 1380 τοὶς
620 1302 805 1386 εὐωνύμοις
827 1301 970 1387 μέρεσιν.
1011 1299 1129 1381 ἔταξαν
1148 1323 1176 1364 ιο

108 1409 146 1474 δὲ
178 1407 233 1475 ἐπὶ
264 1419 324 1476 τοῦ
356 1409 492 1495 κέρατος
523 1410 645 1475 τούτου
677 1420 745 1475 τῶν
778 1409 904 1475 ἱππέων
935 1410 1015 1487 τοὺς
1050 1433 1130 1493 κρα-

107 1517 240 1595 τίστους
272 1519 489 1602 τρισχιλίους,
526 1515 564 1583 ἐν
596 1509 646 1594 οἱς
677 1516 733 1582 καὶ
763 1516 860 1582 αὐτοὶ
892 1516 1129 1600 διεγνώκεισαν

72 1619 348 1707 οάγωνίσασθαι.
412 1621 596 1708 προέταξαν
636 1623 675 1690 δέ
714 1629 773 1709 τῆς
818 1623 962 1701 στάσεως
1007 1624 1130 1708 ταύτης

108 1732 187 1806 τοὺς
208 1732 401 1812 κομίζοντας
423 1730 550 1817 χάρακα
577 1729 844 1816 σεσιδηρωμένον
866 1730 922 1795 καὶ
949 1729 1129 1814 δεδεμένον

108 1832 278 1921 άλύσεσιν,
301 1836 342 1903 όν
359 1837 648 1923 παρεσκευάσαντο
670 1838 753 1922 πρὸς
770 1839 833 1922 τὴν
850 1846 918 1902 τῶν
936 1835 1128 1922 ἐλεφάντων
1147 1856 1173 1897 1⁶

108 1940 248 2028 ἔφοδον·Ι
276 1942 438 2022 ταθέντος
467 1945 530 2029 γάρ
560 1944 681 2010 τούτου
712 1941 831 2033 ῥηίδιον
859 1940 903 2028 ἦν
933 1944 1057 2028 εἴργειν
1086 1946 1127 2009 τά

72 2053 212 2136 εθηρία
241 2057 300 2136 τῆς
331 2054 379 2129 εἱς
409 2051 647 2136 τοῦμπροσθεν
678 2053 821 2138 πορείας.
873 2049 1058 2136 προέταξαν
1090 2050 1128 2117 δέ

107 2167 167 2223 τοῦ
190 2158 326 2244 κέρατος
349 2158 470 2224 τούτου
492 2157 548 2223 καὶ
570 2158 611 2222 τά
633 2145 926 2242 ψιλικάτάγματα,
949 2159 1128 2243 παραγγεί-

108 2269 223 2342 λαντες
245 2276 315 2343 τοὶς
337 2288 372 2330 τε
396 2264 604 2341 άκοντισταίς
625 2263 681 2330 καὶ
698 2262 847 2343 τοξόταις
865 2274 1012 2350 συνεχῶς
1029 2286 1128 2330 κατα-

106 2373 299 2457 τιτρώσκειν
322 2373 362 2439 τδι
383 2373 489 2456 θηρία
506 2370 562 2436 καὶ
579 2373 659 2448 τοὺς
676 2367 727 2436 ἐπ’
741 2371 855 2449 αὐτολς
873 2370 1126 2457 ἀναβεβηκότας.
1146 2392 1174 2434 ιο

106 2486 227 2543 τοῦτον
255 2477 293 2544 δὲ
319 2478 379 2543 τὸν
406 2479 532 2558 τρόπον
555 2477 803 2563 ὀχυρωσάμενοι
829 2480 868 2544 τὸ
896 2477 1007 2557 δεξιὸν
1029 2477 1127 2565 κέρας

106 2583 162 2649 καλ
179 2586 241 2669 την
260 2586 364 2669 άλλην
383 2584 528 2667 δύναμιν
546 2583 737 2664 ἐκτάξαντες
755 2584 978 2671 ἐνδεχομένως
1000 2584 1127 2670 ἐπῆγον

106 2700 176 2768 τοίς
198 2694 368 2774 πολεμίοις
390 2693 470 2775 μετά
493 2697 618 2777 πολλῆς
640 2698 796 2778 κραυγῆς.

174 2797 443 2883 Ἀντεπαγόντων
466 2799 503 2865 δέ
530 2799 585 2865 καὶ
613 2810 681 2874 τῶν
704 2798 866 2866 ἐναντίων
888 2800 925 2865 τὸ
953 2799 1015 2882 μέν
1037 2810 1127 2885 πρῶ-

105 2928 165 2971 τον
193 2901 244 2971 ἐπ’
267 2907 378 2992 άκρων
405 2917 473 2973 τῶν
500 2907 647 2992 κεράτων
676 2908 858 2993 ἱππομαχία
885 2906 1028 2992 συνέστη
1059 2917 1128 2973 τῶν
1146 2927 1174 2969 τι

177 3063 193 3116 1
219 3063 260 3126 εἱς
286 3063 322 3117 τὰ
350 3063 533 3136 διαστήματα]
563 3063 603 3126 εἱς
629 3083 694 3119 τινα
721 3067 809 3119 διαστ.
837 3063 916 3132 libri;
945 3081 1014 3120 corr.
1040 3064 1127 3121 Dind.

105 3133 124 3190 4
146 3133 160 3189 ό
186 3134 216 3189 δὲ
234 3133 268 3190 Χ,
340 3135 358 3188 6
380 3134 431 3206 τὴν
453 3144 509 3189 τῶν
528 3132 664 3190 ἐναντίων
682 3135 814 3260 ἐπιῗολὴν
832 3136 862 3191 Ρ.
937 3137 952 3191 7
975 3131 1128 3205 μετέταξαν

105 3206 197 3260 Madv.
213 3205 225 3259 I
243 3224 270 3275 p.
287 3210 346 3261 511.
415 3205 516 3276 8ἐχον
535 3223 588 3260 om.
603 3207 641 3274 R,
660 3225 752 3276 supp.
772 3214 796 3260 1.
810 3224 847 3262 m.
916 3207 952 3263 10
970 3206 1048 3273 ἔταξε
1066 3206 1127 3263 RX.

105 3277 139 3330 11
163 3277 263 3332 τούτου
285 3286 341 3332 τῶν
365 3274 484 3350 ἱππέων]
509 3286 559 3332 τοῦ
583 3286 639 3333 τῶν
665 3275 773 3333 ἱππέων
796 3279 890 3346 codd.;
910 3296 979 3334 corr.
1000 3285 1024 3332 2.
1039 3297 1075 3332 m.
1096 3280 1128 3334 in

105 3365 194 3418 marg.
215 3350 274 3404 cod.
290 3350 323 3405 R.
406 3349 441 3403 12
464 3351 651 3420 διεγνώκεσαν
670 3349 753 3404 Dind.
835 3348 872 3405 14
897 3351 947 3404 καὶ
975 3347 1127 3420 δεδεμένον

95 3435 150 3473 om.
166 3421 198 3485 F,
213 3421 308 3490 suppl.
330 3427 354 3474 2.
370 3438 406 3476 m.
422 3421 555 3491 inmarg.
609 3421 645 3474 15
664 3419 792 3476 άλόσεσιν
806 3420 836 3476 F.
892 3421 926 3477 17
945 3418 1079 3490 προέταξε
1094 3423 1126 3478 P.

79 3486 123 3538 18
136 3490 340 3562 παραγγείλας
357 3493 388 3550 λ’.
467 3493 503 3552 19
521 3501 582 3559 τοῖς
599 3489 725 3560 τοξόταις
739 3492 773 3548 F.
841 3492 878 3547 ⁴21
896 3489 1074 3562 όχυρωμένοι
1093 3495 1126 3563 P,

66 3569 107 3606 τα
124 3573 275 3627 suprascr.
300 3572 326 3621 2.
342 3585 382 3623 m.
