2460 3848
442 204 484 260 01.
497 210 596 272 μου
617 211 668 259 315
683 221 708 259 a.
720 204 783 261 chr.
1078 209 1120 274 91

103 352 207 417 αὐτὸν
235 351 383 437 φοβερὸν
410 345 497 416 εἶναι
525 350 579 415 καί
609 350 664 415 διά
691 351 728 415 τὸ
756 350 898 434 μέγεθος
926 362 993 416 τῶν
1021 352 1122 417 δυνά-

101 482 190 541 μεων
212 459 268 524 καί
291 458 407 523 διὰτὸ
430 461 561 541 πλῆθος
583 469 651 523 τῶν
674 457 858 541 χρημάτων.
899 445 902 450 ’

174 564 390 649 Προάγοντος
427 561 456 629 δ’
490 566 537 641 είς
572 565 634 647 τὴν
665 565 735 628 άνω
768 565 900 649 Συρίαν
928 562 1121 647 Ἀντιγόνου
1132 564 1173 629 57

101 671 324 756 παρεγένοντο
355 671 509 756 πρέσβεις
540 669 629 755 παρά
660 692 696 734 τε
726 672 937 752 Πτολεμαίου
968 670 1024 735 καὶ
1054 675 1122 736 Λυ-

70 779 242 862 ισιμάχου
270 779 325 843 καὶ
348 777 561 862 Κασάνδρου.
608 772 701 842 οὗτοι
729 776 758 840 δ’
776 776 988 861 εἰσαχθέντες
1015 779 1063 854 είς
1084 781 1121 843 τὸ

48 884 286 969 εονσυνέδριον
312 883 430 968 ἠξίουν
457 885 701 950 Καππαδοκίαν
729 882 791 964 μὲν
817 884 872 948 καὶ
900 886 1030 949 Λυκίαν
1054 889 1123 949 Κα-

102 992 234 1079 σάνδρῳ
268 993 427 1077 δοθῆναι,
463 993 616 1077 Φρυγίαν
648 990 686 1054 δὲ
717 991 780 1073 τὴν
812 986 866 1074 ἐφ’
890 987 1122 1078 Ἑλλησπόντῳ

101 1098 297 1186 Λυσιμάχῳ,
320 1101 452 1183 Συρίαν
476 1099 514 1164 δέ
536 1107 647 1163 πᾶσαν
666 1099 877 1183 Πτολεμαίῳ,
901 1099 1122 1178 Βαβυλωνίαν

101 1206 139 1271 δὲ
162 1206 332 1293 Σελεύκῳ,
359 1217 427 1271 τῶν
456 1206 494 1271 δέ
520 1212 716 1290 θησαυρῶν,
744 1203 803 1280 οδς
830 1203 1018 1288 παρέλαβεν
1042 1206 1122 1285 μετά

56 1333 83 1373 10
100 1314 163 1396 τὴν
194 1314 277 1397 πρὸς
306 1313 441 1396 Εὐμενῆ
472 1313 591 1396 μάχην,
623 1314 830 1395 ποιήσασθαι
860 1312 1033 1393 μερισμόν·
1067 1311 1122 1376 καὶ

101 1420 165 1502 γάρ
184 1420 307 1496 αὐτοὺς
329 1418 606 1503 κεκοινωνηκέναι
628 1427 689 1483 τοῦ
713 1417 868 1500 πολέμου.
906 1417 935 1481 εί
958 1416 995 1482 δέ
1018 1418 1123 1500 μηδὲν

101 1527 229 1591 τούτων
247 1529 392 1609 ποιησει,
416 1525 596 1603 συστάντες
614 1525 756 1602 ἅπαντες
775 1522 905 1609 ἔφασαν
923 1528 1122 1608 πολεμήσειν

101 1633 199 1721 αὐτῷ.
252 1642 311 1698 τοῦ
342 1629 373 1696 δ’
394 1631 587 1716 Ἀντιγόνου
619 1633 823 1718 τραχύτερον
854 1630 1155 1716 άποκριναμένουε

101 1741 156 1805 καί
183 1741 223 1804 τά
250 1743 334 1825 πρὸς
360 1740 506 1822 πόλεμον
529 1741 681 1815 εἰπόντος
708 1739 1017 1823 παρασκευάζεσθαι
1042 1755 1121 1804 συν-

57 1866 83 1906 ιτ
102 1846 160 1930 έβη
193 1850 271 1922 τοὺς
303 1845 457 1931 πρέσβεις
489 1846 676 1931 ἀπράκτους
708 1843 916 1911 ἐπανελθεῖν.
971 1848 1051 1927 μετδι
1084 1846 1121 1911 δὲ

101 1952 200 2018 ταῦθ’
218 1954 251 2018 ολ
273 1954 334 2035 μέν
359 1954 435 2040 περὶ
458 1958 669 2036 Πτολεμαίου
697 1953 752 2017 καὶ
775 1954 980 2036 Λυσίμαχον,
1008 1949 1056 2016 έτι
1084 1953 1121 2018 δὲ

101 2058 304 2144 Κάσανδρον
345 2062 533 2144 συμμαχίαν
575 2061 658 2147 πρὸς
700 2059 863 2143 ἀλλήλους
904 2059 1121 2142 ποιησάμενοι

101 2165 259 2249 δυνάμεις
290 2191 325 2232 τε
358 2177 506 2252 συνῆγον
537 2166 593 2232 καί
624 2167 834 2252 παρασκευάς
864 2165 976 2230 ὅπλων
1003 2187 1038 2229 τε
1065 2165 1121 2229 καὶ

100 2277 209 2357 βελῶν
238 2275 294 2339 καί
320 2285 388 2341 τῶν
415 2276 525 2340 ἄλλων
552 2285 620 2340 τῶν
647 2276 818 2358 χρησίμων
842 2271 992 2338 ἐποίουν·
1017 2271 1154 2340 Ἀντί-3

56 2401 83 2441 ιο
100 2404 201 2465 γονος
228 2381 266 2447 δέ
293 2381 382 2467 δρῶν
410 2380 463 2467 ἐφ’
485 2380 606 2447 ἑαυτὸν
629 2382 871 2464 συνεστηκότας
898 2381 1043 2457 πολλοὺς
1065 2380 1120 2445 καλ

100 2487 263 2570 μεγάλους
295 2499 364 2565 τοῖς
396 2486 576 2570 ἀξιώμασιν
608 2489 733 2573 άνδρας
761 2487 817 2552 καί
847 2489 1121 2570 συλλογιζόμενος

100 2596 137 2659 τὸ
170 2593 312 2677 μέγεθος
344 2603 404 2659 τοῦ
437 2595 609 2679 φυομένου
641 2593 787 2677 πολέμου
821 2594 861 2658 τά
892 2590 920 2658 τ’
949 2591 1033 2678 ἔθνη
1066 2595 1120 2659 καὶ

100 2703 212 2778 πόλεις
253 2702 308 2766 καὶ
350 2701 516 2778 δυνάστας
555 2706 790 2786 προσεκαλεῖτο
833 2702 880 2777 είς
923 2703 1119 2785 συμμαχίαν.

98 2867 155 2912 τῶν
173 2855 320 2924 προσόδων
338 2858 461 2913 τάλαντα
480 2859 565 2927 μύρια
581 2859 630 2912 καλ
644 2856 720 2928 χίλια
733 2858 768 2925 F3
788 2859 839 2912 aut
852 2858 954 2912 lacuna
968 2858 1120 2911 statuenda

100 2932 142 2984 est
162 2931 228 2983 anie
246 2928 390 2985 ἐκπίπτειν
409 2933 459 2984 aut
477 2929 656 2984 scribendum
674 2928 788 2984 ἔπιπτεν
807 2929 853 2999 (cf.
871 2929 930 2984 Pol.
944 2927 1034 2982 XXXI
1049 2932 1118 2995 P1,'1).

99 3002 116 3055 1
149 3001 198 3054 καλ
230 3018 283 3056 om.
309 3001 341 3054 X.
415 3005 464 3070 τῆς
495 3001 639 3070 δυνάμεως
670 3000 703 3053 Χ.
793 3001 812 3054 5
843 3001 883 3062 εἰς
915 2997 1062 3068 συνέδριον
1088 3000 1119 3053 F.

99 3072 117 3126 6
144 3071 302 3141 Κασάνδρα
330 3071 515 3145 (Κασσάνδρῳ
543 3073 575 3140 F)
602 3072 670 3127 libri
697 3088 792 3127 omnes
819 3072 873 3125 hoc
900 3072 961 3126 Ιοοο
990 3074 1019 3125 ei
1045 3071 1120 3124 infra

99 3147 125 3212 (ξ
144 3146 171 3213 4)
197 3146 226 3198 ei
250 3126 314 3198 ΧΪΧ
333 3150 376 3206 60,
391 3151 421 3209 23
448 3144 526 3198 haud
550 3143 635 3198 dubie
659 3143 694 3197 de
717 3144 845 3198 Asandro
869 3143 1051 3212 cogitandum
1077 3145 1120 3196 esi

99 3214 145 3282 (cf.
167 3215 294 3284 Droysen
315 3216 386 3270 Hell.
406 3214 446 3269 11¹
465 3222 480 3268 2
503 3234 530 3283 p.
548 3222 563 3269 6
583 3222 653 3282 &13
672 3214 778 3270 Κδλι1εε
798 3213 915 3268 SBAW
936 3214 1030 3267 Berlin
1050 3218 1119 3268 1898

98 3304 126 3355 p.
142 3291 194 3340 829
209 3302 234 3340 a.
247 3294 275 3355 13
294 3287 396 3341 Kaersi
414 3286 508 3356 (P-W.
525 3305 545 3340 s.
556 3305 580 3340 v.
595 3286 746 3354 Asander);
765 3285 954 3340 Hiinerwadel
968 3285 1030 3353 Lys.
1046 3303 1073 3354 p.
1085 3290 1118 3339 27

100 3374 124 3412 a.
142 3365 170 3424 13
190 3357 274 3413 aliter
290 3358 375 3414 Niese
393 3358 412 3412 l.
427 3359 445 3412 l.
464 3377 492 3426 p.
507 3364 560 3412 274
574 3363 640 3417 ε.3;
660 3357 820 3412 BelochHI
838 3363 851 3411 1
871 3375 898 3424 p.
915 3362 966 3410 122
982 3372 1006 3410 ε.
1018 3360 1044 3422 2]
1067 3372 1121 3407 nee

99 3432 196 3484 tamen
209 3431 363 3499 quidquam
378 3430 553 3483 mutandum.
608 3429 643 3483 12
662 3428 769 3499 ποιηση
778 3427 845 3482 XX.
893 3427 940 3480 Ἃ
954 3423 1147 3492 τυχτδυςῖι

99 3497 170 3567 πρὸς
183 3497 314 3572 πόλεμον]
329 3498 400 3569 πρὸς
412 3503 592 3574 Πτολεμαῖον
604 3501 693 3571 iiim
707 3499 885 3558 wabini.
924 3496 967 3548 Ἣ
978 3493 1035 3543 κου
1040 3482 1171 3558 Kiiss:Q

93 3571 132 3624 18
147 3569 241 3625 άπλυν
254 3572 302 3626 καί
315 3573 406 3644 βελῶν
419 3575 455 3632 R.
512 3576 764 3652 21μςηάλοιςῖ,
813 3570 861 3628 (λῆ
877 3541 1194 3634 προεκαλεῖτοῖδκώ-
