2460 3848
441 205 595 269 01.118‚2:
615 194 666 258 τοι
682 219 708 257 a.
719 202 780 258 chr.
1056 204 1121 271 255

102 350 358 442 ᾠκοδομημένον
394 350 610 433 βιασάμενος
629 348 799 415 εἰσέπεσεν
836 350 883 425 είς
919 349 980 432 τήν
1014 350 1122 413 πόλιν.

101 472 169 526 τῶν
197 456 227 524 δ’
247 458 417 524 Ἰτυκαίων
439 467 507 521 τῶν
534 456 596 539 μέν
623 456 670 533 εἰς
697 457 755 534 τάς
783 457 904 538 οίκίοις,
931 466 999 520 τῶν
1026 452 1057 520 δ’
1076 457 1157 532 είςτ

105 568 176 651 ίερδι
198 566 479 651 καταφευγόντων
498 560 542 628 δι’
559 563 661 649 ὀργής
684 563 806 640 αὐτοὺς
829 560 915 647 έχων
934 563 1043 648 φόνου
1062 564 1124 646 τήν

102 675 202 738 πόλιν
229 671 408 757 ἐπλήρωσε.
457 671 536 747 τοὺς
562 670 624 752 μέν
651 671 715 754 γάρ
743 668 781 735 ἐν
808 681 929 756 χειρῶν
955 672 1046 758 νόμφ
1075 670 1124 734 δι-

72 780 257 864 ιέφθειρε,
284 780 363 855 τοὺς
390 778 422 842 δ’
439 777 580 853 ἁλόντας
602 775 775 862 ἐκρέμασε,
802 778 881 854 τοὺς
907 777 939 841 δ’
955 776 1010 842 ἐπί
1031 784 1124 870 θεῶν

106 888 177 972 ἱερά
204 886 259 951 καί
286 887 420 968 βωμοὺς
445 885 699 968 καταφυγόντας
722 883 971 969 διαψευσθῆναι
992 893 1051 968 τῆς
1073 882 1125 949 ἐλ-

103 994 201 1070 πίδος
227 990 392 1076 ἐποίησεν.
438 991 645 1076 διαφορήσας
673 990 710 1055 δέ
736 991 795 1067 τάς
821 993 951 1074 κτήσεις
978 991 1033 1057 καί
1060 1006 1159 1076 ‹pv-3

105 1102 209 1185 λακήν
232 1097 405 1164 ἀπολιπὼν
427 1096 482 1163 ἐπὶ
509 1107 567 1182 τῆς
593 1099 720 1174 πόλεως
747 1094 1047 1182 ἐστρατοπέδευσεν
1071 1095 1125 1162 ἐπὶ

104 1209 166 1291 τήν
187 1202 308 1271 Ἵππου
337 1204 547 1288 καλουμένην
576 1204 693 1290 άκραν,
723 1203 946 1288 ὠχυρωμένην
976 1215 1126 1288 φυσικῶς

59 1334 86 1374 ιο
104 1323 144 1400 τή
168 1311 389 1403 παρακειμένη
413 1314 520 1401 λίμνη.
557 1313 779 1396 πολιορκήσας
799 1309 837 1374 δὲ
860 1310 964 1394 αὐτήν
983 1308 1125 1394 ἐνεργῶς

103 1420 160 1486 καί
177 1431 245 1485 τῶν
263 1418 433 1505 ἐγχωρίων
448 1419 615 1505 ναυμαχίᾳ
632 1418 888 1503 περιγενόμενος
905 1418 989 1482 κατά
1006 1417 1125 1501 κράτος

104 1518 179 1592 εἷλε.
231 1527 338 1614 τοότφ
368 1525 406 1591 δὲ
434 1536 479 1611 τῷ
510 1526 621 1611 τρόπφ
651 1525 709 1601 τάς
738 1526 851 1601 πόλεις
884 1523 1126 1609 χειρωσάμενος

103 1644 228 1699 τόντε
257 1632 312 1699 ἐπὶ
338 1631 487 1721 δαλάττη
514 1633 627 1696 τόπων
649 1642 717 1697 τῶν
740 1633 905 1697 πλείστων
932 1629 1126 1717 ἐκυρίευσεν

103 1741 159 1806 καί
181 1751 249 1807 τῶν
272 1742 334 1824 τήν
354 1741 528 1822 μεσόγειον
547 1738 732 1804 οίκοόντων
750 1740 838 1823 πλήν
856 1749 924 1805 τῶν
942 1739 1124 1822 Νομάδων·

60 1868 85 1908 ιο
104 1842 152 1913 ὧν
174 1847 263 1924 τινές
285 1847 347 1929 μέν
370 1848 487 1930 φιλίαν
510 1847 594 1930 πρὸς
616 1845 720 1910 αὐτὸν
742 1843 956 1930 ἐποιήσαντο,
980 1846 1069 1924 τινές
1092 1846 1123 1911 δ’

105 1954 331 2040 ἐκαραδόκουν
358 1954 510 2037 τὴντῶν
533 1952 621 2018 ὅλων
643 1955 763 2038 κρίσιν.
808 1951 947 2039 τέτταρα
973 1955 1037 2038 γάρ
1064 1955 1161 2037 τήνε

106 2061 238 2144 Λιβύην
266 2060 417 2145 διείληφε
446 2059 542 2144 γένη,
575 2061 729 2137 Φοίνικες
756 2059 818 2142 μὲν
845 2061 878 2125 οί
904 2061 966 2144 τήν
994 2063 1127 2144 Καρχη-

106 2167 190 2231 δόνα
211 2168 285 2231 τότε
307 2175 549 2250 κατοικοῦντες,
572 2168 813 2250 Λιβυφοίνικες
836 2166 874 2232 δέ
891 2167 1016 2243 πολλάς
1034 2162 1127 2251 έχον-

105 2295 159 2349 τες
181 2274 293 2349 πόλεις
315 2269 572 2350 ἐπιθαλαττίους
593 2274 649 2339 καί
675 2282 917 2351 κοινωνοῦντες
943 2283 1013 2350 τοῖς
1036 2277 1127 2358 Καρ-

62 2400 88 2440 εο
106 2379 275 2463 χηδονίοις
297 2377 481 2463 ἐπιγαμίας,
504 2370 554 2458 οίς
575 2379 640 2445 άπὸ
659 2390 716 2466 τῆς
736 2380 1028 2464 συμπεπλεγμένης
1047 2394 1148 2464 συγ-·

105 2487 235 2569 γενείας
262 2485 386 2571 συνέβη
414 2496 528 2571 τυχεῖν
554 2488 675 2571 ταύτης
697 2498 756 2572 τής
778 2490 1014 2573 προσηγορίας·
1043 2487 1061 2553 ὁ
1089 2488 1127 2553 δέ

106 2596 211 2670 πολὺς
245 2594 323 2671 λαὸς
359 2604 427 2659 τῶν
458 2591 638 2679 ἐγχωρίων,
675 2593 889 2679 ἀρχαιότατος
925 2595 983 2678 ἰόν,
1019 2596 1127 2679 Λίβυς

106 2699 300 2784 ὠνομάζετο,
323 2711 430 2783 μισῶν
449 2701 676 2785 διαφερόντως
697 2703 776 2778 τοὺς
794 2701 1048 2786 Καρχηδονίους
1071 2703 1127 2767 διά

178 2857 194 2911 l
213 2855 519 2930 βιασάμενος-πόλιν]
544 2855 693 2913 συνέπεσεν
712 2860 792 2928 (corr.
812 2863 837 2914 2.
852 2861 898 2927 m)
918 2858 958 2920 είς
976 2858 1026 2928 τήν
1045 2854 1127 2912 πόλιν

106 2927 281 3000 βιασάμενος,
340 2928 417 2991 λείς
433 2929 469 2983 τδι
488 2929 550 2997 ίερδι
568 2930 598 2983 F.
658 2929 924 2999 6καταφεόγοντας
941 2929 974 2984 Χ.
1033 2925 1126 2984 8άπδ

106 3005 154 3069 τῆς
171 3019 200 3055 π.
219 3000 250 3054 F.
306 2998 566 3073 ἐστρατοπέδευσεν]
595 2999 809 3069 ἐπεστράτευσεν
832 3001 862 3057 F.
935 3000 993 3056 8.9
1012 3000 1058 3054 ἐπὶ
1075 3000 1127 3070 τήν

100 3067 202 3126 Ἵππου
225 3068 400 3141 καλουμένην
424 3069 527 3143 ἄκραν]
554 3072 644 3126 altera
663 3069 766 3126 Ἵππου
785 3071 860 3140 άκρα
877 3070 928 3124 XX
947 3077 990 3138 ὄλ,
1005 3076 1034 3135 6ς
1054 3086 1127 3140 quae

106 3145 201 3198 nostro
219 3143 281 3197 loco
301 3145 546 3211 commemoratur,
570 3146 614 3198 ost
632 3141 737 3197 Ἱππὼν
755 3142 925 3211 Διάρρυτος;
950 3142 985 3196 de
1007 3144 1127 3211 utraque

107 3213 220 3268 disserit
238 3214 379 3283 congestis
397 3213 527 3269 omnibus
546 3215 595 3283 qui
613 3215 669 3268 hue
688 3217 819 3283 spectant
836 3214 906 3268 locis
920 3213 1071 3268 Muellerus
1090 3213 1127 3266 ad

106 3284 178 3339 Ptol.
197 3285 237 3339 IV
251 3291 276 3352 3,
292 3292 307 3339 2
327 3288 363 3354 (p.
379 3290 439 3340 616.
455 3288 574 3354 ὅπερ).
646 3285 681 3340 10
704 3285 739 3339 de
762 3285 816 3340 hoc
838 3285 904 3340 lacu
927 3284 961 3340 ef.
981 3284 1128 3339 ΜεΙλτετΙ

106 3373 134 3424 p.
149 3361 192 3410 θλ.
206 3362 267 3410 457.
341 3356 376 3410 18
393 3364 449 3411 τῶν
467 3376 496 3411 τε
515 3356 573 3429 ἐπί]
593 3355 628 3410 ef.
648 3356 771 3411 Knelkor
788 3375 816 3426 p.
832 3362 892 3411 307.
965 3356 1057 3411 16.17
1076 3356 1127 3426 τήν

107 3427 214 3551 w
241 3428 346 3497 ταύτην
373 3428 511 3497 διειλήφει
537 3428 567 3483 F·
645 3427 680 3483 ¹8
705 3424 906 3499 Λιβυφοίνικες
928 3426 1019 3490 mmm„
1041 3429 1079 3475 m
1101 3426 1144 3471 m.

106 3496 132 3550 X
158 3498 184 3551 11
203 3504 263 3566 ¹1³¹
278 3504 307 3564 ²³
331 3499 366 3554 ef.
390 3499 507 3554 Meltzer
528 3499 594 3572 sp·
608 3504 697 3571 eosq.
715 3505 841 3569 mm
857 3495 992 3550 mmmm
1016 3491 1064 3541 m
1076 3483 1169 3534 mm.

101 3567 179 3635 ινα,
197 3575 214 3624 ι
232 3574 268 3640 (ρ.
285 3575 404 3643 ωιτη),
476 3616 480 3620 ,
