2460 3848
476 166 485 182 ⁶
504 180 717 250 Argumentum.
1100 183 1122 247 3

104 319 162 377 κθ’.
177 323 249 390 Περί
271 330 321 392 της
343 319 543 392 Ἀγαθοκλέους
568 320 712 390 στρατείας
734 321 780 376 έπί
799 320 977 391 Μεσσηνίους
1001 322 1050 376 καλ
1073 330 1123 392 τῆς

176 409 384 480 μεσιτευθείσης
402 410 514 480 εἰρήνης
532 407 587 466 ὑπὸ
606 408 818 482 Καρχηδονίων.
1143 416 1145 421 ’

104 496 136 554 λ’.
175 497 336 568 Νουκερίας
354 497 506 562 ἀπόστασις
524 497 581 555 ἀπὸ
596 497 747 569 Ῥωμαίων.

104 585 155 643 λα’.
178 588 221 643 Τά
246 585 412 659 πραχθέντα
436 597 496 650 τοῖς
520 585 676 659 Ἀντιγόνου
698 589 748 644 καί
767 589 938 656 Κασάνδρου
961 596 1124 658 στρατηγοῖς

73 695 86 736 σ
175 678 240 745 περὶ
258 677 309 746 τὴν
324 675 453 731 Ἑλλάδα.

105 762 155 837 λβ’.
176 765 347 834 Κασάνδρου
374 763 503 831 στρατεία
527 766 568 828 εἰς
591 767 644 837 τὴν
662 764 802 822 Αἰτωλίαν
824 768 874 821 καί
896 767 961 828 τους
983 765 1056 822 κατὰ
1073 763 1123 822 τὸν

175 853 287 922 Ἀδρίαν
304 852 416 916 τόπους.

105 940 154 1014 λη’.
170 940 282 1007 Ἀλωσις
313 933 378 1012 περί
410 941 522 1012 Καρίαν
553 949 602 1014 τῆς
634 943 834 1014 ἀποσταλείσης
865 941 920 1000 ὑπὸ
952 944 1124 1013 Κασάνδρου

177 1032 329 1102 δυνάμεως.
1059 1042 1066 1052 “

61 1140 89 1180 10
106 1118 155 1176 λδ’.
176 1123 221 1184 Ὡς
240 1122 267 1176 ολ
286 1121 411 1192 φυγάδες
432 1130 488 1176 τῶν
507 1120 709 1190 Συρακουσίων
727 1121 958 1193 Ἀκραγαντίνους
979 1121 1124 1186 πείσαντος

176 1215 306 1280 πολεμεῖν
325 1212 488 1280 Ἀγαθοκλεῖ
511 1208 664 1281 στρατηγὸν
683 1211 714 1266 ἐκ
732 1209 944 1282 Λακεδαίμονος
960 1210 1124 1280 Ἀκρότατον

177 1298 397 1370 μετεπέμψαντο.

105 1386 151 1444 λε’.
176 1390 222 1452 Ὡς
240 1385 321 1451 οὗτος
339 1389 389 1458 μέν
407 1390 579 1459 παραλαβὼν
596 1389 648 1458 τὴν
668 1388 821 1459 ἡγεμονίαν
838 1396 1013 1457 τυραννικῶς
1030 1388 1124 1459 ἄρχων

178 1476 329 1549 διεγένετο,
348 1478 376 1532 οἰ
395 1477 422 1532 δ’
439 1479 648 1548 Ἀκραγαντῖνοι
665 1479 717 1549 τὴν
735 1478 850 1547 εἰρήνην
869 1477 1035 1547 ἐποιήσαντο
1054 1473 1124 1545 πρὸς

61 1584 87 1625 ισ
177 1564 227 1623 τὸν
246 1567 395 1636 δυνάστην.

106 1654 155 1712 λέ.
179 1655 223 1712 Τὰ
240 1654 406 1726 πραχθέντα
421 1654 568 1726 Ῥωμαίοις
585 1657 649 1724 περί
667 1657 719 1727 την
734 1653 890 1726 Ἰαπυγίαν.

106 1743 151 1812 λζ’.
178 1749 396 1805 Καλλαντιανῶν
420 1742 572 1807 ἀπόστασις
595 1742 652 1800 ἀπὸ
671 1745 833 1816 Λυσιμάχου
856 1745 905 1799 καί
927 1744 963 1799 τὰ
982 1744 1124 1815 συμβάντα

177 1843 236 1897 τοῖς
255 1834 301 1888 ἐπὶ
318 1835 370 1904 τὴν
389 1834 528 1905 βοήθειαν
546 1835 743 1891 ἀποσταλεῖσιν
762 1833 811 1890 ὑπ’
832 1831 997 1904 Ἀντιγόνου.

106 1925 156 1994 λη’.
178 1925 223 1986 Ὡς
242 1921 380 1986 Φίλιππος
400 1924 565 1986 ἀποσταλείς
582 1920 638 1979 ὑπὸ
657 1923 828 1992 Κασάνδρου
847 1919 998 1992 στρατηγὸς
1016 1922 1056 1984 εἰς
1073 1923 1124 1992 τὴν

61 2030 89 2070 νο
177 2010 319 2089 Αἰτωλίαν
338 2011 465 2082 ἐνίκησεν
484 2013 625 2074 Αἰτωλοὺς
643 2011 701 2081 άμα
719 2013 769 2067 καὶ
786 2014 852 2075 τοὺς
866 2011 1046 2079 Ἠπειρώτας.

107 2099 160 2158 λθ’.
178 2103 223 2164 Ὡς
244 2100 376 2171 Ῥωμαῖοι
399 2099 474 2173 μάχη
496 2101 661 2170 νικήσαντες
683 2097 827 2169 Σαμνίτας
849 2098 907 2169 μετ’
929 2097 1023 2169 ὀλίγον
1046 2106 1125 2169 Καμ-

178 2191 286 2252 πανοὺς
305 2189 482 2251 ἀποστάντας
499 2189 718 2260 προσηγάγοντο.

107 2277 142 2350 μ’.
177 2281 222 2342 Ὡς
239 2277 393 2349 Ἀντίγονος
411 2275 566 2348 Πολέμωνα
589 2275 742 2348 στρατηγὸν
763 2275 934 2343 ἐξαπέστειλε
952 2277 1021 2347 μετά
1039 2279 1126 2333 δυνά-

178 2388 249 2439 μεως
274 2367 499 2436 ἐλευθερώσοντα
520 2368 586 2429 τους
602 2364 741 2437 Ἕλληνας
757 2368 807 2422 καί
824 2366 860 2422 τδι
877 2364 1044 2439 πραχθέντα
1061 2370 1125 2437 περὶ

62 2473 89 2514 εσ
177 2459 229 2528 τὴν
244 2455 373 2513 Ἐλλάδα.

108 2544 163 2617 μα’.
176 2543 337 2608 Ἀπόστασις
354 2543 525 2614 Κυρηναίων
542 2545 592 2599 καὶ
611 2544 724 2614 ἅλωσις,
743 2544 784 2599 ἔτι
802 2545 833 2599 δὲ
849 2543 1026 2615 Πτολεμαίου
1045 2562 1125 2614 στρα-

54 2643 107 2691 316
179 2635 240 2690 τεία
258 2635 299 2698 εἰς
317 2635 434 2703 Κάπρον
453 2634 502 2688 καὶ
521 2631 639 2702 Συρίαν.

108 2720 161 2795 μβῖ
178 2723 267 2795 Μάχη
285 2721 447 2793 Δημητρίου
465 2720 536 2791 πρὸς
554 2726 729 2792 Πτολεμαῖον
747 2722 796 2776 καί
816 2720 880 2791 νίκη
898 2721 1082 2794 Πτολεμαίου.

107 2809 160 2883 μγ’.
179 2810 339 2874 Ἀπόστασις
359 2808 534 2880 Τελεσφόρου
551 2820 601 2866 τοῦ
621 2820 774 2880 στρατηγοῦ
793 2808 849 2866 ἀπὸ
867 2809 1031 2882 Ἀντιγόνου.

62 2918 89 2958 σο
107 2898 161 2971 μά.
181 2900 224 2956 Τὰ
236 2902 301 2969 περὶ
315 2901 366 2970 τὴν
379 2898 515 2968 Ἤπειρον
529 2901 578 2955 καί
592 2897 642 2957 τὸν
655 2898 765 2968 Ἀδρίαν
779 2897 945 2971 πραχθέντα
959 2901 1125 2974 Κασάνδρῳ.

178 3043 197 3098 8
220 3041 375 3110 Λουκερίας
397 3043 419 3095 F
446 3060 514 3097 corr.
539 3049 563 3096 1.
585 3061 636 3110 m.;
662 3041 839 3110 Νουκαιρίας
861 3042 912 3096 RX
939 3044 980 3112 (εἰ
1006 3043 1040 3097 of.
1063 3043 1128 3096 XIX

108 3119 151 3182 65,
167 3116 202 3184 ⁷).
270 3114 356 3184 ὖτὴν
375 3131 428 3168 om.
443 3115 473 3168 F.
542 3111 633 3169 8ὑπδ
653 3131 706 3168 om.
720 3114 751 3167 F.
821 3113 857 3168 13
874 3115 1058 3186 τυραννικῶς]
1078 3116 1127 3169 καὶ

108 3186 255 3255 εἰρηνικῶς
275 3185 354 3252 libri;
377 3202 445 3240 corr.
464 3185 554 3239 Rhod.
575 3188 604 3239 οἰ
622 3185 705 3239 Dind.
726 3185 772 3255 (of.
790 3184 854 3237 XIX
873 3188 925 3254 71).
999 3187 1033 3240 17
1053 3189 1128 3241 Καλ-

108 3257 277 3340 λαντιανῶν]
292 3259 475 3312 Καλαντινῶν
489 3257 511 3310 F
525 3254 703 3311 Κολλατίνων
712 3255 775 3324 RX3
791 3259 1008 3313 Καλλαντιανῶν
1022 3258 1126 3325 Rhod.;

107 3329 184 3383 idem
209 3326 275 3382 libn
301 3345 397 3382 omnes
421 3327 485 3382 XIX
505 3333 547 3394 73,
561 3335 586 3382 4.
602 3333 631 3394 53
654 3326 705 3379 XX
724 3333 797 3394 25‚1
824 3326 918 3397 (aliter
942 3327 993 3380 XX
1012 3331 1136 3392 1125&-N

107 3400 212 3455 rectius
236 3402 437 3455 Καλλατιανῶν
463 3399 513 3470 (st.
528 3399 559 3453 B.
575 3415 595 3452 ε.
610 3401 645 3468 v.)
666 3398 775 3467 Wesse,
799 3399 839 3453 οἳ.
852 3398 984 3452 mnu
1009 3398 1056 3446 ειῶ.
1067 3393 1157 3472 Vm}-

107 3471 147 3526 ΠΙ
166 3475 209 3538 10,
224 3476 247 3524 3.
329 3471 363 3527 21
388 3472 557 3537 Σαυνιώτας
579 3472 619 3542 Ἐς
645 3472 685 3529 οἳ.
704 3470 778 3526 m.
794 3475 890 3538 xm,
969 3461 1080 3516 RQ
1105 3468 1186 3509 mm

100 3539 278 3610 Πτολεμαίου
296 3544 344 3598 καὶ
365 3542 527 3613 ἀπόστασις
548 3553 582 3605 Τ.
601 3547 636 3605 X.

1006 3629 1046 3683 v
