2460 3848
428 159 470 215 01.
482 166 542 227 ιιε,
554 166 582 215 1:
602 165 655 215 ειο
670 176 696 214 a.
707 159 769 215 chr.
1068 164 1109 229 79

86 308 151 390 γάρ
168 303 280 390 ἦλθον
298 305 444 390 ἀνάγκης
461 305 545 370 ὥστε
563 315 608 394 τῷ
627 306 689 389 μὲν
707 307 889 396 στρατιώτῃ
906 317 1110 393 σιτομετρεῖν

85 414 235 498 χοίνικας
261 411 360 478 πέντε
386 420 447 477 τοῦ
472 414 591 497 μηνός,
614 423 683 491 τοῖς
706 409 738 478 δ’
761 412 899 498 ἐλέφασι
920 423 991 491 τοῖς
1013 438 1111 479 κατα-

85 524 271 586 κλεισθεῖσι
301 520 434 586 διδόναι
462 521 622 604 πρίοντας
651 522 709 597 τὰς
739 519 875 603 δοκούς,
902 522 943 585 τὰ
971 517 1002 585 δ’
1028 520 1111 586 ύπο-

86 627 182 710 ζύγια
213 627 269 692 καὶ
300 630 380 705 τοὺς
416 628 539 704 ἵππους
576 628 760 706 κατακόψαι
795 627 879 712 πρὸς
916 628 1110 714 διατροφην.

54 733 241 818 ιτοιαύτης
272 733 310 799 δὲ
341 734 564 820 περιστάσεως
595 734 796 819 κατεχούσης
826 735 888 818 την
919 735 1020 800 πόλιν
1055 735 1144 801 καλε

84 851 144 925 τῆς
172 837 392 924 Ὀλυμπιάδος
424 837 472 905 ἐτι
501 841 773 927 προσανεχούσης
801 851 873 918 ταῖς
903 839 1029 919 ἔξωθεν
1058 839 1111 907 ἐλ-

85 949 181 1013 πίσιν
204 949 237 1013 οἱ
259 947 321 1030 μὲν
344 946 522 1032 ἐλέφαντες
544 947 611 1013 ὑπὸ
634 956 692 1031 τῆς
714 946 844 1025 ἐνδείας
865 948 1110 1034 διεφθάρησαν,

84 1065 153 1120 τῶν
177 1051 207 1120 δ’
233 1054 359 1120 ἱππέων
378 1056 411 1120 οί
428 1054 490 1137 μὲν
509 1051 569 1132 ἔξω
588 1052 708 1132 τάξεως
726 1055 821 1131 όντες
840 1054 880 1120 ού
900 1057 1110 1142 σιτομετρού-

85 1185 180 1245 μενοι
209 1164 246 1228 τὸ
276 1161 434 1247 παράπαν
464 1162 585 1246 σχεδὸν
617 1161 760 1238 ἅπαντες
791 1159 1019 1248 ἐτελεύτησαν,
1048 1163 1111 1228 οὐκ

40 1291 67 1332 ιο
86 1269 194 1352 ὀλίγοι
217 1269 255 1334 δέ
276 1270 333 1335 καλ
355 1279 422 1335 τῶν
443 1280 653 1354 στρατιωτῶν
671 1279 729 1353 της
747 1267 863 1352 ὁμοίας
880 1279 1110 1355 καταστροφῆς

86 1373 213 1461 ἔτυχον.
250 1373 335 1441 ἔνιοι
358 1375 396 1440 δέ
418 1386 485 1441 τῶν
507 1375 698 1462 βαρβάρων,
721 1385 779 1459 τῆς
802 1375 935 1460 φύσεως
956 1392 1145 1461 κατισχυ-4

84 1483 189 1567 ούσης
217 1484 279 1567 την
308 1483 495 1567 εὐλάβειαν,
525 1480 782 1568 ἐσαρκοφάγουν
809 1481 1047 1566 ἀναλεγόμενοι
1069 1485 1110 1549 τά

85 1591 220 1672 σώματα
250 1600 319 1654 τῶν
351 1589 645 1674 ἀποθνησκόντων.
705 1591 787 1675 ταχὺ
820 1589 858 1654 δέ
889 1599 947 1673 της
982 1592 1110 1668 πόλεως

85 1695 317 1781 πληρουμένης
350 1707 479 1781 νεκρῶν
514 1698 547 1762 ολ
578 1697 816 1782 προεστηκότες
847 1705 907 1761 τοῦ
940 1698 1016 1782 περί
1047 1698 1109 1781 την

40 1823 66 1864 ιι
84 1804 284 1886 βασίλισσαν
307 1806 514 1887 συστήματος
536 1805 577 1867 τά
599 1802 661 1885 μὲν
683 1804 895 1887 κατώρυττον
914 1813 982 1869 τῶν
1001 1803 1108 1886 σωμά-

84 1932 162 1994 των,
192 1912 232 1975 τά
262 1906 292 1974 δ’
319 1909 404 1996 ὑπὲρ
432 1920 500 1975 τῶν
528 1920 647 1994 τειχῶν
673 1907 901 1995 ἐξερρίπτουν,
923 1909 1000 1974 ὥστ’
1022 1904 1108 1975 εἶναι

84 2017 139 2082 καί
169 2018 230 2101 την
259 2015 346 2081 θέαν
375 2017 437 2100 την
464 2015 593 2081 τούτων
621 2015 751 2102 ἀπεχθῆ
774 2016 914 2101 καλιὴν
937 2016 1108 2082 δυσωδίαν

84 2123 338 2208 ἀνυπομένητον
364 2124 408 2207 μη
436 2125 543 2206 μόνον
565 2120 698 2206 γυναιξί
720 2124 930 2206 βασιλίσσαις
952 2123 1008 2188 καί
1030 2147 1108 2206 τρυ-

31 2240 155 2314 ισσφῆς
185 2230 335 2313 οἰκείαις,
363 2228 447 2294 ἀλλὰ
474 2230 620 2295 καὶτῶν
644 2241 854 2315 στρατιωτῶν
876 2239 946 2307 τοῖς
969 2231 1107 2295 εἰωθόσι

39 2357 66 2397 ιο
83 2345 299 2403 κακοπαθεῖν.
345 2344 405 2401 τοῦ
433 2333 465 2400 δ’
487 2333 584 2422 έαρος
611 2336 798 2424 ἀρχομένου
820 2338 876 2402 καὶ
898 2346 956 2420 της
978 2334 1107 2415 ἐνδείας
1116 2337 1160 2404 50

83 2443 136 2510 ἀεὶ
158 2449 285 2526 μᾶλλον
309 2441 535 2527 αὐξανομένης
557 2444 770 2530 συνέδραμον
788 2445 907 2511 πολλοὶ
924 2454 992 2510 τῶν
1010 2461 1107 2530 στρα-

82 2561 211 2617 τιωτῶν
228 2551 285 2616 καί
302 2552 364 2635 τὴν
379 2547 584 2632 Ὀλυμπιάδα
601 2552 812 2637 παρεκάλουν
832 2552 953 2629 αὐτούς
971 2551 1108 2636 ἀφεῖναι

83 2658 140 2723 διά
161 2659 224 2741 την
247 2657 399 2742 ἀπορίαν.
435 2657 455 2740 η
480 2657 518 2722 δέ
541 2658 618 2723 ούτε
641 2669 847 2744 σιτομετρεῖν
865 2659 988 2737 αὐτοὺς
1006 2660 1107 2724 δυνα-

83 2764 165 2849 μένη
193 2766 232 2830 τὸ
257 2765 414 2849 παράπαν
438 2765 514 2830 ούτε
537 2766 599 2849 τὴν
621 2768 818 2850 πολιορκίαν
841 2771 940 2831 λῦσαι
963 2766 1107 2849 συνεχῶ-

38 2890 65 2930 ει
84 2887 186 2957 ρησεν
210 2871 486 2937 ἀπαλλάττεσθαι.
523 2871 541 2936 δ
565 2871 603 2937 δὲ
622 2872 820 2957 Κάσανδρος
843 2870 1140 2959 προσδεξάμενοςε

154 3098 173 3153 4
196 3098 310 3171 ἵππους]
338 3099 432 3163 ἱππεῖς
450 3099 536 3166 RXF3
559 3101 590 3154 in
611 3101 671 3155 cod.
693 3101 719 3155 R
742 3117 811 3156 corr.
831 3107 855 3156 2.
871 3119 907 3156 m.
980 3100 998 3154 6
1020 3117 1106 3168 προσ-

82 3171 237 3240 ανεχούσης
259 3179 321 3232 ταῖς
344 3170 450 3237 ἔξωθεν
470 3169 577 3226 ἐλπίσιν
615 3180 677 3234 ταῖς
696 3171 802 3238 ἔξωθεν
821 3170 911 3227 ἐλπίσι
929 3173 1106 3240 καραδοκού-

83 3241 181 3368 Ῐοχςάδ.
254 3241 397 3368 δέξωθχγ
415 3242 474 3367 RfX.
546 3243 736 3369 χνὼςῖδὲω
757 3243 793 3370 χά
807 3244 987 3369 3τχγνὸτούτων
1006 3260 1060 3336 σαι.
1075 3244 1105 3364 g.

82 3384 118 3440 20
144 3332 388 3440 ᾶέυἷάάάἶάδονιι.
407 3317 535 3456 δύωάάάά
553 3386 571 3442 1.
584 3332 613 3441 ‘1³s
615 3332 653 3456 εξ).
670 3392 721 3441 ιιι
739 3358 767 3442 k.
780 3358 810 3441 ἰ,
844 3361 848 3381 ’
877 3318 925 3439 ἀεὶ
941 3335 1133 3436 {332²ssssss

82 3457 133 3510 καὶ
159 3465 215 3511 τῶν
244 3465 417 3524 στρατιωτῶν
441 3457 472 3514 F.
559 3458 597 3517 23
624 3459 643 3534 ἡ
674 3459 706 3517 δὲ
735 3456 794 3516 αδδ
827 3457 879 3512 ἐπὶ
904 3453 940 3510 δυ
969 3465 1086 3519 ww
1106 3440 1156 3485 Ἃ

79 3526 117 3581 25
134 3526 282 3595 δεξάμενος
297 3528 327 3582 F.
