2460 3848
103 195 143 258 12
478 191 666 248 Diodor.xlx
679 197 704 245 4.
715 197 740 246 ό.

100 336 138 401 δὲ
159 337 235 422 περὶ
257 339 318 403 τὸν
336 338 538 421 Σώστρατον
558 335 774 422 ἐπιφανέντες
796 339 876 420 μετά
898 339 1040 423 μεγάλης
1063 340 1121 404 καὶ

99 443 297 529 τεταγμένης
313 443 485 525 δυνάμεως
500 441 680 529 ἐτρέψαντο
696 446 775 522 τοὺς
790 447 1121 532 παρεισπεπτωκότας

64 550 154 620 όκαλ
176 550 359 634 κατέβαλον
378 551 425 628 είς
448 552 665 636 τριακοσίους.
702 562 770 617 τῶν
788 551 819 616 δ’
836 553 947 618 άλλων
965 550 1121 636 ἐπιβαλο·

98 657 209 741 μένων
235 658 296 739 μὲν
324 657 463 742 φεύγειν
490 657 546 722 διά
573 680 664 735 τινος
693 666 812 725 στενοῦ
842 660 947 724 τόπου
975 660 1031 724 καί
1057 661 1120 745 την

99 766 265 849 σωτηρίαν
288 763 529 848 ἀπεγνωκότων
554 763 747 850 παραδόξως
774 765 897 843 αὐτούς
915 765 1121 851 Ἀγαθοκλῆς
1152 787 1165 827 ι

64 867 135 940 εέκ
162 881 230 936 τῶν
257 871 428 937 κινδύνων
454 870 626 958 ἐρρύσατο.
672 871 772 949 αὐτὸς
798 872 860 955 μὲν
886 874 950 958 γάρ
974 876 1121 958 λαμπρό-

98 1000 179 1042 τατα
206 977 341 1043 πάντων
369 978 616 1061 ἀγωνισάμενος
642 977 724 1044 ἑπτά
752 980 917 1064 τραύμασι
945 979 1120 1063 περιέπεσε

98 1085 153 1150 καί
177 1085 292 1150 διὰτὸ
315 1090 446 1169 πλῆθος
469 1094 529 1150 τοῦ
553 1085 690 1171 ῥυέντος
713 1087 849 1167 αἵματος
868 1087 905 1152 τὸ
925 1097 1018 1168 σῶμα
1036 1107 1120 1171 παρ-

99 1192 225 1257 ελύετο·
248 1202 317 1257 τῶν
339 1192 377 1257 δέ
400 1194 568 1274 πολεμίων
590 1191 805 1275 ἐπικειμένων
826 1197 1027 1278 παρήγγειλε
1048 1204 1120 1272 τοῖς

99 1305 313 1384 σαλπιγκταῖς
340 1296 391 1365 ἐπ’
416 1299 587 1386 άμφότερα
612 1299 653 1364 τά
680 1299 762 1385 μέρη
789 1309 850 1365 τοῦ
876 1302 1007 1385 τείχους
1034 1320 1119 1385 παρ-
1138 1323 1164 1363 ιο

64 1425 79 1474 ι
98 1409 261 1485 ελθόντας
279 1408 453 1490 σημαίνειν
471 1407 509 1472 τὸ
528 1407 716 1487 πολεμικόν.
748 1400 796 1471 ὧν
815 1406 937 1492 ταχέως
954 1409 991 1473 τὸ
1011 1407 1119 1495 ῥηθὲν

97 1512 293 1599 πραξάντων
316 1514 349 1579 οί
374 1516 690 1600 προσβοηθήσαντες
717 1510 753 1577 ἐκ
779 1523 837 1598 τῆς
861 1513 965 1591 Γέλας
990 1515 1028 1580 τὸ
1055 1515 1119 1597 μὲν

98 1619 222 1704 άληθὲς
251 1621 308 1685 διά
336 1621 373 1685 τὸ
404 1621 520 1696 σκότος
550 1619 611 1685 οὐκ
641 1620 809 1703 ἠδύναντο
842 1621 1004 1705 συνιδεῖν,
1030 1621 1169 1689 ὑπο-321

98 1729 256 1810 λαβόντες
279 1727 316 1792 δέ
339 1728 401 1811 την
424 1727 529 1811 άλλην
552 1727 696 1809 δύναμιν
718 1736 786 1791 τῶν
803 1730 1026 1811 Συρακοσίων
1043 1729 1114 1794 κατ’

98 1835 268 1919 άμφότερα
295 1836 336 1899 τά
362 1833 444 1919 μέρη
472 1832 797 1920 παρεισπεπτωκέναι
823 1842 883 1899 τοῦ
910 1834 972 1916 μὲν
997 1832 1045 1900 ἔτι
1067 1836 1118 1901 δι-
1136 1857 1161 1898 ιε

97 1943 196 2007 ύκειν
214 1940 412 2025 ἀπέστησαν,
436 1941 621 2022 διελόμενοι
639 1940 677 2006 δέ
697 1942 755 2019 τάς
777 1939 883 2018 τάξεις
900 1942 976 2028 διχῇ
995 1942 1118 2027 ταχέως

97 2047 278 2133 ἐβοήθουν,
308 2045 544 2133 συντρέχοντες
570 2049 653 2135 πρὸς
679 2049 739 2113 τὸν
763 2043 846 2133 ἦχον
868 2059 936 2114 τῶν
959 2053 1118 2134 σαλπιγκ-

96 2166 173 2224 τῶν.
227 2154 265 2221 ἐν
296 2155 443 2242 τοσόύτφ
476 2155 513 2220 δέ
545 2156 700 2239 τυχόντες
732 2153 853 2240 άνοχης
884 2157 918 2220 ολ
949 2156 1026 2242 περί
1056 2155 1117 2222 τὸν

93 2261 297 2345 Ἀγαθοκλέα
319 2263 399 2343 μετὰ
421 2261 528 2345 πάσης
550 2260 732 2346 ἀσφαλείας
754 2262 966 2347 διεσώθησαν
986 2265 1034 2340 είς
1056 2264 1117 2329 τὸν

96 2369 230 2456 χάρακα.
281 2367 430 2434 ἐνταῦθα
456 2368 518 2450 μὲν
546 2362 608 2432 οὖν
633 2377 754 2434 τοῦτον
780 2371 840 2435 τὸν
866 2372 992 2457 τρόπον
1018 2392 1117 2435 κατα·
1136 2391 1162 2432 εο
1199 2411 1202 2420 -

97 2481 323 2562 στρατηγήσας
346 2477 425 2552 τοὺς
447 2477 625 2557 πολεμίους
648 2476 688 2540 ού
712 2477 817 2557 μόνον
837 2480 916 2554 τοὺς
938 2479 1003 2542 σὺν
1026 2477 1116 2566 αὐτῷ

96 2581 290 2668 παραδόξως
327 2578 461 2665 ἔσωσεν,
498 2581 582 2647 ἀλλὰ
617 2582 673 2646 καὶ
708 2593 776 2647 τῶν
808 2583 987 2669 συμμάχων
1019 2582 1118 2650 ἐπτα-

96 2691 231 2767 κοσίους
254 2689 387 2775 άνδρας.

56 2793 78 2860 5
168 2797 265 2860 Μετὰ
292 2795 330 2861 δέ
357 2804 460 2861 ταῦτα
488 2795 525 2862 ἐν
549 2805 621 2873 ταῖς
643 2797 898 2883 Συρακούσσαις
921 2796 1118 2882 αἱρεθέντος

93 2898 323 2989 Ἀκεστορίδου
360 2911 420 2968 τοῦ
457 2906 648 2990 Κορινθίου
685 2913 870 2989 στρατηγοῦ
907 2903 1005 2982 δόξας
1045 2903 1117 2970 ἐπι·
1136 2926 1161 2968 τε

96 3008 223 3074 θέσθαι
250 3010 426 3096 τυραννίδι
453 3010 509 3075 διὰ
536 3011 597 3094 τὴν
625 3011 763 3077 σύνεσιν
787 3009 929 3095 ,ἐξέφυγε
956 3013 1016 3076 τὸν
1045 3014 1082 3078 κί
1102 3050 1118 3061 -

97 3116 211 3180 δυνον.
248 3115 266 3181 ὁ
289 3116 351 3198 μὲν
373 3118 436 3201 γάρ
456 3113 684 3203 Ἀκεστορίδης
702 3117 901 3202 εὐλαβηθείς
918 3118 980 3202 την
998 3118 1118 3185 στάσιν

167 3341 427 3416 θέπιβαλλομένων
445 3345 475 3399 F.
548 3345 636 3415 4μέν
659 3345 713 3400 del,
735 3346 823 3402 Bekk.
870 3355 970 3416 φυγεῖν
988 3347 1019 3401 Ρ.
1065 3349 1117 3403 καλ

96 3431 149 3468 om.
164 3415 196 3469 F.
258 3415 459 3487 θπαρήγγειλε
478 3417 528 3471 καί
545 3416 605 3473 RX.
663 3417 699 3471 10
717 3420 879 3480 σαλπισταῖς
896 3418 932 3485 F3
952 3420 1118 3482 σαλπικταῖς

74 3481 165 3536 Mad.
248 3485 288 3541 21
313 3488 382 3551 τούς
407 3489 461 3544 σύν
485 3488 572 3564 αύτῶ]
600 3485 700 3546 ἑαυτὸν
717 3488 753 3558 1¹„
776 3505 848 3543 οοεε.
868 3495 896 3544 θ..
911 3507 951 3543 m.
971 3490 1004 3542 'm
1025 3506 1116 3560 marg.

57 3544 106 3598 Β
118 3549 332 3631 έπτακοσίους]
350 3558 441 3618 ἐννέα
459 3561 493 3620 Χ.
546 3547 552 3565 ⁴
