2460 3848
118 205 183 270 318
466 202 579 257 Diodor.
589 202 640 255 xx
656 208 786 257 101.102.

117 348 316 431 βιασάμενος
340 348 462 425 αὐτοὺς
485 349 604 413 δοῦναι
626 350 667 412 τὰ
689 350 771 413 κατὰ
793 349 831 412 τὸ
854 357 1067 434 πρυτανεῖον,
1091 342 1140 412 ὧν

118 449 209 539 εἶχον
241 453 430 540 ἐπιγραφὴν
463 457 503 520 τά
539 453 600 538 μέν
631 456 775 537 Αἰόλου,
811 457 852 520 τὰ
886 452 916 519 δ’
940 452 1140 540 Ἡφαίστου,

119 563 230 644 λαβὼν
253 571 450 647 παραχρῆμα
477 560 680 640 ἐξέπλευσεν.
726 563 912 645 πνεύματος
940 558 970 625 δ’
990 560 1140 645 ἐπιχενοα

118 668 220 750 μένου
249 679 316 734 τών
338 680 425 734 νεῶν
449 669 566 734 ἕνδεκα
593 671 838 755 συνετρίβησαν
861 671 895 734 αί
922 670 963 734 τά
990 673 1140 754 χρήματα

83 778 317 857 εκομίζουσαι.
372 777 488 860 διόπερ
521 773 612 854 ἔδοξε
644 781 781 852 πολλοῖς
813 776 831 841 δ
868 776 929 858 μὲν
961 778 1140 859 λεγόμενος
1173 796 1186 838 ι

118 882 194 965 περὶ
221 885 300 959 τοὺς
326 885 450 970 τόπους
477 882 624 960 ἐκείνους
652 877 738 948 εἶναι
767 883 883 968 κύριος
911 893 979 948 τῶν
1007 883 1139 965 ἀνέμων

119 989 223 1065 εὐθὺς
255 991 337 1054 κατὰ
368 991 428 1054 τὸν
459 1001 593 1075 πρῶτον
625 994 734 1054 πλοῦν
771 993 887 1073 λαβεῖν
923 986 1001 1073 παρ’
1033 991 1139 1055 αὐτοῦ

118 1098 288 1179 τιμωρίαν,
321 1096 338 1161 ὁ
369 1096 407 1162 δὲ
427 1093 613 1182 Ἥφαιστος
642 1095 696 1162 ἐπί
725 1107 783 1182 της
811 1102 979 1180 τελευτῆς,
1010 1098 1140 1174 οίκείως

117 1211 174 1285 τῆς
207 1202 358 1286 ἀσεβείας
389 1204 531 1281 κολάσας
563 1206 623 1269 τὸν
653 1205 822 1288 τύραννον
851 1203 889 1269 ἐν
920 1213 960 1289 τῇ
992 1205 1139 1290 πατρίδι,

118 1311 322 1393 συνωνύμως
362 1309 417 1377 ἐπὶ
456 1317 596 1395 θερμοῖς
636 1321 706 1387 τοῖς
746 1309 891 1395 ἄνθραξι
931 1311 1140 1389 κατακαύσας
1159 1333 1186 1374 ιο

118 1419 235 1494 ζῶντα·
262 1428 320 1503 τῆς
342 1420 406 1502 χάρ
426 1418 527 1501 αὐτῆς
545 1417 768 1504 προαιρέσεως
784 1414 828 1501 ἦν
845 1418 901 1483 καί
924 1418 1139 1502 δικαιοσύνης

117 1526 154 1589 τὸ
178 1537 245 1590 τών
263 1525 340 1609 περὶ
362 1526 424 1609 τὴν
442 1525 572 1608 Αἴτνην
591 1524 764 1603 σωζόντων
781 1526 860 1600 τοὺς
880 1522 1009 1590 ἑαυτῶν
1027 1533 1140 1608 γονεῖς

118 1631 325 1717 ἀποσχέσθαι
352 1631 407 1696 καί
434 1632 471 1696 τὸ
499 1634 577 1708 τοὺς
603 1628 807 1715 ἀσεβοῦντας
830 1633 877 1707 εἰς
899 1633 936 1697 τὸ
961 1638 1059 1697 θεῖον
1082 1632 1150 1697 δεδι

117 1749 174 1822 τῆς
198 1740 285 1815 ίδίας
308 1738 479 1820 δυνάμεως
501 1743 683 1820 μετελθεῖν.

82 1866 98 1912 4
191 1846 240 1910 Οὐ
281 1847 347 1930 μὴν
379 1843 451 1910 ἀλλ’
478 1845 562 1931 ὑπὲρ
598 1846 660 1926 μὲν
693 1855 751 1929 τῆς
786 1855 1016 1930 καταστροφῆς
1043 1842 1138 1930 Ἀχα-
1158 1867 1186 1908 ιε

116 1953 291 2036 θοκλέους,
319 1954 399 2019 ὅταν
427 1955 510 2038 πρὸς
537 1955 616 2029 τοὺς
643 1953 787 2028 οἰκείους
813 1949 959 2036 χρόνους
984 1950 1137 2035 ἔλθωμεν

118 2061 236 2144 αὐτοῦ,
272 2063 310 2126 τὸ
347 2058 530 2144 γενόμενον
561 2060 737 2142 βεβαιώσει
772 2060 810 2124 τὸ
846 2068 912 2124 νῦν
948 2060 1137 2144 εἰρημένον·

118 2165 235 2252 ἐφεξῆς
262 2168 300 2232 δέ
323 2168 442 2255 ῥητέον
463 2168 544 2252 ημῖν
566 2168 607 2231 τὰ
629 2165 823 2251 πραχθέντα
845 2168 928 2232 κατά
950 2170 1029 2244 τοὺς
1057 2183 1138 2232 συν-

83 2286 202 2360 οεχεῖς
224 2277 440 2360 τῆςἸταλίας
462 2271 593 2350 τόπους.
636 2271 786 2355 Ῥωμαῖοι
809 2274 870 2356 μὲν
892 2273 948 2338 καί
971 2279 1139 2355 Σαμνῖται

118 2382 457 2469 διαπρεσβευσάμενοι
483 2381 567 2465 πρὸς
595 2377 759 2463 ἀλλήλους
781 2382 918 2465 είρηνην
941 2380 1138 2463 συνέθεντο,
1157 2404 1185 2444 ιο

118 2492 360 2573 πολεμήσαντες
393 2485 448 2571 ἐτη
481 2487 586 2552 εἴκοσι
617 2487 679 2551 δύο
711 2487 767 2552 καὶ
794 2497 899 2570 μῆνας
928 2485 974 2564 ἓξ·
1006 2498 1074 2552 τῶν
1102 2488 1134 2553 δ’

117 2597 253 2661 ὑπάτων
275 2595 425 2671 Πόπλιος
448 2595 665 2677 Σεμπρώνιος
686 2595 767 2677 μετά
789 2593 961 2676 δυνάμεως
984 2592 1138 2677 ἐμβαλὼν

118 2706 164 2780 εἰς
191 2704 253 2787 τὴν
279 2713 346 2766 τῶν
373 2703 509 2766 Αἰκλῶν
535 2702 647 2785 χώραν
674 2699 870 2786 ἐχειρώσατο
897 2700 1138 2787 τετταράκοντα

188 2861 206 2915 3
225 2857 377 2914 ἀπέπλευσε
396 2859 425 2912 F.
481 2859 539 2913 δώ
557 2857 572 2913 ὁ
591 2857 642 2927 μὲν
661 2857 762 2920 Αίολος
779 2858 843 2926 περὶ
861 2860 927 2921 τοὺς
944 2855 1048 2920 τόπους
1066 2851 1137 2913 ἐκεί-

117 2953 183 2994 νους
208 2929 353 3001 λεγόμενος
379 2930 436 2984 ἐστι
460 2931 557 2998 κύριος
581 2930 611 2983 F.
690 2931 705 2984 λ
731 2930 829 3001 εὐθὺς]
859 2929 908 2983 καὶ
933 2931 1080 2997 παρευθδς
1103 2930 1135 2985 F.

117 3003 198 3058 8ἐπλ
216 3008 250 3075 τῇ
268 3005 378 3074 τελευτῇ
396 3002 426 3056 F.
485 3001 639 3056 θκολάσαι
656 3000 749 3054 Madv,
764 3001 776 3054 I
794 3019 822 3070 p.
837 3006 888 3055 61⁷
903 2999 922 3055 f.
939 3020 960 3055 r.
1017 3001 1052 3056 10
1071 3018 1137 3056 συν-

117 3072 535 3214 λβῖῖςεῗθέὲλιλλθέ
545 3067 1090 3212 1,,ΡέῙελλῖλέἐθῖζύθςάῒ
1104 3073 1135 3198 ἲ·

118 3218 327 3287 Amphinom0S.
371 3217 401 3270 in
430 3233 518 3285 marg.
548 3215 653 3270 codicis
678 3215 703 3267 R
730 3213 820 3268 fusius
847 3215 960 3269 disserit
988 3221 1012 3269 3.
1033 3233 1070 3268 m.
1100 3216 1136 3270 de

117 3289 278 3358 Hephaesto
294 3291 323 3343 οῖ
332 3290 424 3342 Aetna
437 3289 540 3342 monte.
591 3287 625 3341 17
641 3288 726 3355 αὐτῆς
739 3286 827 3340 Hertl.
842 3287 881 3340 HI
894 3305 921 3354 p.
934 3292 967 3341 38
981 3303 1038 3340 non
1051 3286 1135 3341 male.

118 3361 152 3415 19
171 3357 310 3415 Σαυνίται
328 3360 358 3413 F.
419 3359 454 3413 21
473 3359 508 3412 de
526 3373 642 3412 numero
661 3357 696 3411 cf.
715 3357 836 3412 Triemel
854 3358 871 3411 J
877 3359 891 3411 f
895 3358 944 3412 Ph.
962 3362 1012 3411 139
1030 3376 1058 3427 p.
1074 3363 1135 3414 34⁶.

102 3431 147 3483 22
159 3431 293 3502 εῇιβαλών
306 3434 378 3502 post
392 3433 490 3503 χώραν
508 3430 590 3501 ponit
607 3430 637 3484 F.
698 3429 734 3483 23
752 3429 863 3484 Αἰκλῶν
881 3429 932 3482 RX
950 3429 1081 3484 Αίκάλων
1099 3429 1135 3498 Ἐς

90 3500 129 3552 ef.
145 3501 209 3556 ind.
227 3501 267 3573 μ’
283 3503 334 3560 ubi
355 3504 588 3577 1οςεεΛίκλῶνς
608 3501 665 3556 1111
682 3507 728 3567 11,
738 3506 773 3568 1η
783 3499 846 3554 m
865 3507 975 3565 um„
994 3501 1030 3553 (1ο
1049 3501 1136 3555 variis

75 3573 210 3628 nominis
239 3578 350 3635 formis
378 3580 543 3636 novissime
570 3576 699 3650 egerunt
719 3569 928 3628 Βὶοοοοοοεεώ
945 3573 1023 3634 μου
1040 3574 1101 3619 ειν.
1121 3572 1152 3620 εκ
