2460 3848
449 200 491 256 01.
502 208 563 269 ιιι,
574 208 602 257 3:
622 207 674 256 310
690 218 715 257 a.
727 201 788 257 σιτ.
1065 207 1127 271 177

112 372 192 434 ρους
213 349 302 432 πλήν
324 352 577 433 Συρακουσσῶν
600 347 727 431 ἀπάσης
750 348 870 431 σχεδὸν
893 349 1048 425 Σικελίας
1071 373 1129 414 κυ-

111 456 283 537 ριεύοντας
310 454 365 519 καί
392 456 478 519 πολὺ
506 453 708 539 προέχοντας
737 463 809 531 ταῖς
837 476 872 519 τε
901 458 1046 533 πεζικαῖς
1073 456 1129 520 καί

109 571 280 638 ναυτικαῖς
312 560 495 643 δυνάμεσιν
526 559 736 626 ἐπετελέσατο
775 559 896 647 πρᾶξιν
929 558 1128 627 ἀνέλπιστον

109 669 164 734 καί
196 667 485 754 παραβολωτάτην.
535 668 671 733 πάντων
702 670 767 753 γάρ
799 669 1020 753 διειληφότων
1049 668 1163 753 μηδ’3

77 774 313 861 ιέγχειρήσειν
350 774 453 839 αὐτὸν
489 784 559 852 τοῖς
595 776 840 861 Καρχηδονίοις
877 775 1127 860 ἀντιταχθῆναι,

109 883 303 966 διενοήσατο
326 886 386 965 τῆς
407 881 469 964 μὲν
492 884 619 959 πόλεως
642 881 817 947 ἀπολιπεῖν
840 884 901 967 τήν
927 883 1044 966 ἱκανήν
1064 906 1128 967 φν-

109 991 223 1073 λακήν,
245 999 313 1053 τῶν
332 988 369 1053 δὲ
388 999 597 1072 στρατιωτῶν
619 991 698 1067 τοὺς
722 989 883 1066 εὐθέτους
905 987 1050 1067 ἐπιλέξαι
1072 990 1128 1054 καί

107 1096 188 1177 μετά
206 1095 334 1160 τούτων
352 1097 400 1172 είς
417 1096 479 1179 τήν
497 1094 629 1179 Λιβύην
649 1096 920 1181 διακομισθῆναι·
943 1105 1042 1161 τοῦτο
1063 1098 1127 1182 γάρ

108 1199 233 1287 πράξας
254 1203 367 1285 ήλπιζε
390 1205 469 1279 τοὺς
492 1202 553 1285 μὲν
580 1200 618 1268 ἐν
640 1211 680 1288 τῆ
704 1204 897 1289 Καρχηδόνι
924 1205 1127 1289 τετρυφηκό-

52 1303 171 1414 Σὲὃτας
206 1307 244 1373 έν
276 1310 391 1398 εἰρήνη
428 1310 638 1396 πολυχρονίῳ
674 1310 729 1374 καί
766 1310 822 1374 διά
854 1306 942 1374 τοῦτ’
970 1310 1128 1394 ἀπείρους

107 1415 207 1492 ’όντας
228 1425 296 1481 τῶν
319 1414 356 1481 έν
378 1425 451 1492 ταῖς
472 1415 590 1501 μάχαις
612 1417 781 1481 κινδύνων
803 1415 870 1481 ὑπὸ
893 1427 961 1481 τῶν
984 1415 1127 1500 ἐνηθλη-

107 1524 214 1587 κότων
231 1532 302 1600 τοῖς
319 1523 443 1599 δεινοῖς
462 1523 584 1610 ῥᾳδίως
601 1523 865 1608 ἡττηθήσεσθαι,
888 1525 967 1600 τοὺς
985 1523 1023 1588 δὲ
1045 1525 1127 1588 κατά

107 1629 240 1714 Λιβύην
267 1629 473 1713 συμμάχους,
502 1629 754 1715 βαρυνομένους
780 1640 850 1707 τοῖς
877 1630 1127 1716 προστάγμασιν

108 1733 144 1800 ἐκ
166 1741 300 1802 πολλῶν
322 1739 464 1823 χρόνων,
488 1739 655 1820 λήψεσθαι
679 1739 797 1823 καιρὸν
820 1743 879 1822 τῆς
906 1734 1126 1821 ἀποστάσεως,

62 1864 87 1904 15
106 1844 144 1908 τὸ
174 1843 211 1908 δὲ
242 1844 408 1928 μέγιστον,
441 1843 637 1929 διαρπάσειν
667 1842 922 1929 ἀπροσδοκήτως
953 1843 1126 1930 ἐπιφανείς

105 1950 217 2035 χώραν
245 1947 440 2037 ἀπόρθητον
463 1951 519 2015 καῖ
546 1952 602 2015 διδι
630 1952 691 2035 τήν
716 1961 783 2017 τῶν
806 1952 1048 2036 Καρχηδονίων
1071 1950 1125 2014 εὐ-

106 2056 283 2138 δαιμονίαν
301 2057 562 2144 πεπληρωμένην
580 2060 748 2123 παντοίων
768 2056 917 2140 ἀγαθῶν,
940 2057 977 2121 τὸ
997 2057 1029 2121 δ’
1044 2057 1125 2123 ὅλον

106 2163 169 2227 ἀπὸ
188 2169 246 2247 τῆς
264 2165 423 2250 πατρίδος
440 2165 496 2230 καλ
513 2164 620 2249 πάσης
638 2166 793 2241 Σικελίας
812 2164 1028 2248 περισπάσειν
1046 2165 1125 2240 τοὺς

106 2269 297 2355 βαρβάρους
325 2270 379 2335 καί
409 2270 517 2335 πάντα
544 2273 605 2337 τὸν
634 2273 780 2354 πόλεμον
809 2269 958 2354 μετάξειν
989 2272 1036 2347 είς
1062 2271 1124 2354 τήν

61 2400 88 2440 ιο
105 2376 251 2460 Λιβύην·
275 2377 356 2462 ὅπερ
378 2377 434 2442 καί
458 2377 690 2462 συνετελέσθη.

179 2468 249 2567 ιΊήν
275 2485 340 2567 γάρ
368 2482 519 2549 ἐπίνοιαν
546 2485 671 2569 ταύτην
694 2485 809 2550 οὐδενί
836 2494 904 2549 τῶν
932 2485 1041 2568 φίλων
1066 2482 1164 2568 δη-4

106 2589 213 2668 λῶσας
246 2597 304 2675 τῆς
340 2590 401 2673 μὲν
437 2592 563 2668 πόλεως
599 2589 796 2676 ἐπιμελητήν
819 2589 1028 2675 ’Ἄντανδρον
1064 2592 1124 2656 τὸν

105 2695 254 2782 ἀδελφὸν
281 2696 457 2780 κατέστησε
484 2699 564 2781 μετά
591 2703 649 2781 τῆς
682 2698 796 2781 ἱκανῆς
825 2703 990 2782 φυλακῆς,
1025 2696 1124 2773 αὐτὸς

105 2804 143 2869 δὲ
179 2814 246 2868 τῶν
283 2814 492 2891 στρατιωτῶν
528 2802 690 2888 ἐπιλέγων
727 2807 806 2880 τοὺς
846 2802 1007 2879 εὐθέτους
1047 2825 1122 2868 κατ-

60 2933 86 2974 ει
106 2909 245 2995 έγραφε,
272 2920 342 2987 τοῖς
368 2911 429 2994 μὲν
456 2914 564 2989 πεζοῖς
591 2910 830 2997 παραγγέλλων
857 2908 1008 2993 ἑτοίμους
1036 2903 1122 2973 εἶναι

104 3019 185 3100 μετά
207 3028 275 3083 τῶν
295 3018 418 3102 ὅπλων,
442 3028 510 3095 τοῖς
533 3017 564 3082 δ’
583 3019 718 3084 ἱππεῦσι
741 3019 1012 3099 διακελευόμενος
1034 3012 1121 3099 ἔχειν

105 3121 181 3207 μεθ’
200 3123 327 3190 ἑαυτῶν
346 3125 446 3211 χωρίς
468 3132 526 3210 τῆς
549 3127 734 3203 πανοπλίας
755 3124 939 3211 ὑπηρέσιον
957 3123 1012 3188 καί
1030 3127 1121 3206 χαλι-

175 3354 193 3407 5
218 3352 380 3424 ἐγχειρίσειν
404 3353 437 3407 X.
516 3353 535 3407 6
561 3353 611 3421 τὴν
637 3353 739 3423 ἱκανήν
765 3353 912 3406 ἀπολιπεῖν
939 3350 1066 3420 φυλακήν
1089 3351 1119 3404 F.

104 3425 121 3480 8
145 3423 202 3494 μετ’
224 3427 316 3480 αὐτῶν
334 3425 364 3479 F.
437 3424 473 3479 15
491 3424 707 3494 ἀπροσδοκήτως
724 3426 790 3492 post
808 3421 972 3490 ἀπόρθητον
991 3422 1133 3486 mnf&

103 3495 139 3551 16
161 3505 217 3550 τῶν
239 3514 292 3551 om.
311 3497 341 3551 F.
414 3496 450 3551 18
473 3497 522 3551 καί
542 3494 675 3561 Σικελίας
696 3493 931 3566 mmmm&
997 3489 1042 3538 Ἢ
1067 3499 1156 3545 xm·

99 3567 193 3631 τάξιιν
208 3567 238 3620 Κ.
311 3568 349 3625 27
366 3566 519 3639 όπερέσιον
537 3571 576 3630 Κ

139 3671 266 3717 Diodorus.
283 3675 309 3718 V.
989 3661 1037 3708 Ϋῖ·
