2460 3848
109 195 173 262 154
458 192 703 249 modonxlxeo.
716 197 775 248 100.

107 339 347 423 σκευασάμενοι
373 341 436 425 γάρ
466 338 587 422 δέσμας
614 338 771 423 καλάμων
794 338 986 422 εὐμεγέθεις
1009 338 1128 422 ἐμβάλ-

107 452 225 512 λουσιν
248 449 295 524 είς
317 447 379 532 τήν
398 449 531 530 λίμνην·
555 444 611 512 ἐπί
633 446 671 511 δὲ
692 446 822 511 τούτων
844 444 1063 530 ἐπικάθηνται
1086 446 1127 512 οὐ

106 556 207 619 πλείω
240 564 352 641 τριῶν,
386 547 477 632 <ὧν>
510 553 572 618 δύο
606 553 668 635 μὲν
700 550 831 637 ἔχοντες
863 552 1128 639 προσδεδεμένας

106 660 231 737 πλάτας
257 666 521 745 κωπηλατοῦσιν,
549 651 596 736 είς
624 659 662 724 δὲ
685 669 801 745 φορῶν
824 657 903 737 τόξα
924 662 1004 737 τοὺς
1025 679 1129 746 προσ-

106 767 268 844 πλέοντας
290 766 326 833 έκ
348 776 408 832 τοῦ
431 766 537 852 πέραν
555 767 575 850 ή
599 767 773 849 βιάζεσθαι
795 772 985 850 τολμῶντας
1008 767 1128 851 ἀμύνε-
1161 790 1173 830 ι

70 893 86 941 2
106 898 167 940 ται.
205 875 286 939 ὅταν
304 875 342 940 δὲ
360 877 503 958 πλησίον
520 872 683 958 γένωνται
700 884 759 958 τής
777 873 960 958 ἀσφάλτου,
981 875 1129 953 πελέκεις

106 979 237 1066 ἔχοντες
259 979 444 1065 ἐπιπηδῶσι
471 981 527 1046 καί
553 981 705 1066 καθάπερ
728 985 876 1065 μαλακής
901 980 1023 1067 πέτρας
1048 981 1129 1047 ἀπο-

105 1090 283 1166 κόπτοντες
304 1090 474 1172 γεμίζουσι
496 1089 558 1172 τήν
579 1087 714 1173 δέσμην,
738 1081 808 1152 εἶτα
831 1087 1058 1154 ἀποπλέουσιν
1081 1091 1129 1166 είς

105 1195 261 1260 τούπίσω.
308 1194 350 1260 ἀν
378 1194 418 1260 δέ
442 1218 493 1272 τις
520 1195 632 1260 αὐτῶν
655 1194 805 1284 ἀποπέσῃ
831 1204 890 1278 τής
913 1193 1035 1279 δέσμης
1058 1197 1129 1261 δια-

106 1305 266 1387 λυθείσης
292 1304 336 1387 μή
365 1302 551 1384 δυνάμενος
573 1311 657 1385 νεῖν,
685 1301 725 1366 οὐ
753 1302 951 1366 καταδύεται
975 1302 1128 1388 καθάπερ
1148 1325 1173 1365 10

106 1408 143 1475 ἐν
166 1419 236 1486 τοῖς
256 1410 369 1485 ἀλλοις
390 1407 523 1492 ύδασιν,
547 1407 630 1474 ἀλλά
654 1407 842 1493 ἐπινήχεται
864 1418 935 1486 τοῖς
957 1407 1129 1493 ἐπισταμέ-

70 1534 177 1594 ινοις
201 1515 329 1599 ὁμοίως.
376 1515 477 1600 φύσει
504 1517 568 1600 γάρ
591 1521 689 1581 τοῦτο
717 1516 755 1580 τὸ
778 1515 886 1602 ὑγρὸν
911 1515 1128 1601 παραδέχεται

105 1623 208 1709 βάρος
240 1623 258 1687 δ
291 1624 467 1705 συμβαίνει
498 1620 646 1707 μετέχειν
678 1619 845 1706 αὐξήσεως
876 1622 897 1707 ή
931 1622 1126 1707 πνεύματος,

106 1727 166 1808 ἔξω
190 1740 258 1796 τῶν
281 1740 435 1814 στερεῶν,
458 1728 559 1814 ἀτήν
577 1730 767 1813 πυκνότητα
786 1729 881 1794 δοκεῖ
893 1731 1126 1814 παραπλησίαν

106 1834 194 1921 έχειν
212 1836 347 1922 ἀργύρῳ
366 1836 421 1902 καὶ
439 1847 552 1923 χρυσῶ
571 1836 627 1901 καὶ
644 1837 801 1924 μολύβδῳ
824 1837 881 1902 καί
900 1837 970 1913 τοίς
988 1835 1126 1919 ὁμοίοις·
1146 1856 1173 1897 ιι

105 1943 161 2008 καὶ
187 1952 291 2008 ταῦτα
317 1943 379 2026 μέν
405 1945 492 2009 πολὺ
515 1943 724 2029 βραδύτερον
746 1943 965 2030 καταφέρεται
991 1953 1059 2009 τῶν
1086 1942 1181 2010 ἐν395

105 2060 177 2127 ταῖς
204 2051 319 2128 ἀλλαις
347 2052 478 2133 λίμναις
505 2049 743 2137 ῥιπτουμένων.
792 2050 916 2134 ταύτην
944 2051 976 2115 δ’
998 2046 1129 2134 ἔχοντες

106 2158 139 2222 ολ
161 2157 326 2243 βάρβαροι
348 2158 519 2243 πρόσοδον
538 2157 704 2241 ἀπάγουσι
725 2157 788 2240 τήν
807 2157 978 2240 ἄσφαλτον
997 2158 1045 2233 είς
1066 2157 1128 2241 τήν

105 2264 281 2348 Αἴγυπτον
299 2264 354 2329 καὶ
376 2269 548 2329 πωλοῦσιν
567 2265 615 2341 είς
636 2266 695 2340 τάς
717 2265 883 2348 ταριχείας
900 2273 968 2329 τῶν
986 2275 1128 2350 νεκρῶν·

105 2371 148 2454 μή
171 2371 376 2456 μιγνυμένης
402 2373 466 2457 γάρ
493 2371 614 2456 ταύτης
641 2380 710 2447 τοῖς
738 2374 867 2447 λοιποῖς
892 2369 1064 2456 ἀρώμασιν
1087 2370 1127 2435 οὐ
1137 2390 1174 2432 ιο

106 2478 253 2542 δυνατὸν
279 2477 440 2561 γενέσθαι
466 2480 528 2562 τήν
557 2488 625 2542 τῶν
655 2476 816 2589 σωμάτων
844 2479 1006 2562 φυλακήν
1026 2482 1128 2543 πολυ-

105 2585 251 2669 χρόνιον.

28 2690 91 2756 100
174 2688 264 2755 Ὧδ’
279 2690 482 2776 Ἀντίγονος,
506 2689 752 2768 ἐπανελθόντος
774 2699 835 2755 τοῦ
853 2693 1049 2776 Δημητρίου
1073 2692 1128 2757 καί

105 2798 145 2862 τά
172 2799 254 2863 κατὰ
280 2796 379 2884 μέρος
405 2809 473 2864 τῶν
500 2798 741 2884 πεπραγμένων
769 2797 1045 2881 ἀπαγγείλαντος,
1073 2796 1129 2864 ἐπὶ

105 2905 166 2986 μὲν
188 2914 228 2990 τῇ
253 2903 413 2971 συνθέσει
435 2914 475 2991 τῇ
499 2907 583 2992 πρὸς
603 2908 682 2982 τοὺς
699 2906 915 2987 Ναβαταίους
933 2903 1128 2989 ἐπετίμησεν
1148 2927 1174 2967 ει

106 3011 209 3099 αὐτῷ,
243 3010 349 3097 λέγων
379 3013 430 3077 ότι
459 3017 571 3099 πολλῶ
601 3010 833 3098 θρασυτέρους
862 3014 1020 3096 πεποίηκε
1048 3015 1129 3089 τοὺς

105 3119 297 3203 βαρβάρους
320 3117 418 3196 ἐάσας
441 3119 679 3204 ἀτιμωρήτους·
710 3118 821 3198 δόξειν
843 3120 908 3205 γδιρ
932 3119 1055 3196 αὐτοὺς
1077 3142 1128 3184 τε-

177 3275 255 3329 ἱδού
281 3274 365 3330 πλείω
393 3273 516 3345 (πλείους
542 3277 645 3345 Rhod)
671 3278 768 3348 τριῶν]
796 3284 870 3344 τρεῖς
892 3277 922 3332 F.
1000 3277 1018 3330 3
1043 3272 1128 3403 <ὦνέ

106 3346 170 3399 add.
187 3346 380 3402 Schaeferlwl
416 3350 479 3401 δεδε
480 3345 610 3417 μ.έναςΕ“
664 3348 907 3403 όκωπελατοῶσιν
921 3349 954 3403 R
988 3345 1082 3438 φέρων

97 3417 135 3468 11
154 3415 218 3469 ἀλλ’
232 3418 263 3473 F.
320 3412 396 3491 1892
412 3368 558 3490 συμβαίνει
571 3419 810 3489 Reiske.⁷1.0m
825 3420 855 3472 F.
908 3420 943 3473 15
960 3417 1127 3510 μολίβδφΕ

82 3484 126 3536 16
134 3485 212 3571 μὲν]
223 3486 327 3556 μέντοι
345 3474 434 3547 Dfnd.
509 3490 591 3548 21
563 3512 614 3562 την
633 3499 687 3547 τῶν
707 3491 806 3546 omNF
877 3491 913 3545 25
931 3472 1127 3565 Ναβαταίους]

67 3553 207 3618 ''Ostad'oef
224 3559 258 3615 F.
339 3565 379 3621 26
397 3568 495 3642 πολλῷ
513 3565 618 3623 om.F.
