2460 3848
115 189 160 254 42
477 182 775 238 Diodor.xn<24.25.

63 331 107 396 24
116 330 252 417 θανάτῳ
280 327 475 416 περιέπεσεν
502 327 545 393 ἀν
571 327 637 394 ὑπὸ
665 338 726 394 τοῦ
754 332 915 413 πλήθους.
964 320 1071 417 τούτφ
1100 330 1138 396 δὲ

115 448 161 524 τῷ
183 438 296 525 τρόπω
319 439 398 513 τοὺς
419 435 481 518 μὲν
503 436 625 513 ἀλλους
647 433 950 520 καταπληξάμενος,
973 433 1079 524 ἑαυτῷ
1103 436 1135 501 δ’

116 545 219 629 όγκον
259 544 314 609 καὶ
354 545 528 628 πρόσχημα
568 541 651 626 μέγα
689 546 906 628 περιποιήσας
941 543 1138 627 μετεβάλετο

116 652 217 717 πάλιν
248 650 304 716 καὶ
335 650 396 716 τὸν
426 648 621 734 Πευκέστην
653 651 765 734 λόγοις
796 649 1051 736 φιλανθρώποις
1081 650 1139 716 καί

116 758 272 842 μεγάλαις
304 755 513 841 ἐπαγγελίαις
544 758 837 842 προσαγαγόμενος
869 756 994 822 εύνουν
1030 753 1138 844 ἐαυτῷ
1171 779 1183 818 ε

117 865 172 931 καί
190 866 370 949 πρόθυμον
387 861 628 929 κατεσκεύασεν
647 865 694 941 είς
711 864 749 928 τὸ
768 871 838 940 τοῖς
860 865 1034 947 βασιλεύοι
1057 879 1139 929 συν-

81 988 96 1036 2
117 973 346 1055 αγωνίζεσθαι.
384 970 539 1035 σπεύδων
557 970 596 1036 δέ
613 970 669 1036 καί
686 971 776 1057 παρά
793 980 861 1035 τῶν
884 970 995 1035 άλλωυ
1013 986 1191 1056 σαπρά-336

117 1089 190 1144 πῶν
208 1077 263 1143 καὶ
282 1070 476 1162 στρατηγῶν
493 1077 603 1163 ὥσπερ
625 1078 732 1163 ὅμηρα
752 1079 868 1160 λαβεῖν
890 1084 951 1142 τοῦ
973 1078 1017 1162 μή
1041 1101 1139 1143 κατα-

117 1186 245 1265 λείψειν
272 1180 386 1267 αύτόυ,
416 1186 646 1269 προσεποιήθη
676 1184 852 1269 χρημάτων
882 1186 1053 1263 σπανίζειν
1083 1185 1140 1250 καί

117 1291 340 1377 παρεκάλεσεν
363 1289 503 1356 ἕκαστον
525 1294 607 1356 κατά
635 1291 781 1374 δύναμιν
804 1291 955 1357 δανεῖσαι
982 1300 1052 1369 τοῖς
1080 1294 1139 1375 βα·
1158 1313 1184 1352 ιο

82 1402 253 1463 εσιλεῦσι.
307 1397 420 1481 λαβὼν
452 1397 490 1462 δὲ
521 1394 599 1483 παρ’
626 1392 674 1463 ὧν
706 1395 815 1464 ἐδόκει
846 1397 1031 1484 συμφέρειν
1062 1399 1139 1482 ήγε·

117 1507 229 1587 μόνων
261 1505 456 1590 τετρακόσια
486 1504 630 1570 τάλαντα
661 1506 740 1582 τοὺς
771 1507 935 1592 πρότερον
967 1503 1138 1584 ὑπόπτους

116 1613 215 1689 ὄντας
233 1609 464 1695 ἐπιβουλεύειν
481 1611 502 1695 ή
521 1613 733 1692 καταλείψειν
750 1611 968 1688 πιστοτάτους
987 1611 1139 1696 φύλακας

117 1716 191 1803 ἔσχε
213 1727 273 1783 τοῦ
297 1718 447 1800 σώματος
468 1719 524 1784 καλ
547 1718 806 1803 συναγωνιστάς.

81 1842 98 1889 4
193 1824 308 1902 Οὕτως
339 1824 377 1891 δὲ
409 1823 511 1891 αὐτοῦ
545 1826 622 1912 περὶ
658 1826 787 1891 τούτων
823 1826 907 1912 πρὸς
942 1826 979 1890 τὸ
1016 1824 1140 1908 μέλλον
1158 1846 1183 1886 ιε

117 1939 380 2019 στρατηγοῦντος
409 1928 492 2016 ήκόν
521 1955 618 2010 τινες
641 1930 677 1998 ἐκ
706 1933 843 2017 Μηδίας
875 1929 1140 2016 ἀπαγγέλλοντες

117 2039 168 2106 ὅτι
194 2040 275 2121 μετδι
302 2048 359 2124 τής
386 2039 558 2122 δυνάμεως
577 2036 768 2123 Ἀντίγονος
795 2040 857 2123 τήν
884 2036 1058 2118 ἀνάζευξιν
1084 2038 1140 2106 ἐπὶ

117 2155 174 2231 τής
197 2146 364 2232 Περσίδος
392 2144 442 2231 ε’ίη
470 2145 698 2231 πεποιημένος.
745 2146 766 2211 δ
793 2146 835 2230 δή
863 2147 1057 2229 πυθόμενος
1083 2147 1140 2212 καί

117 2250 216 2330 αὐτὸς
235 2249 400 2337 ἀνέζευξε,
423 2254 610 2337 διεγνωκὼς
629 2250 781 2320 ἀπαντᾶν
798 2261 869 2330 τοῖς
891 2255 1061 2336 πολεμίοις
1082 2254 1141 2319 καί

82 2361 393 2426 σδιακινδυυεύειν.
445 2361 528 2425 κατὰ
558 2359 595 2425 δὲ
624 2360 686 2444 τήν
719 2359 916 2444 ὁδοιπορίαν
948 2361 1140 2445 δευτεραῖος
1158 2383 1184 2423 εο

116 2469 244 2533 θυσίαν
262 2465 431 2532 ἐπετέλεσε
449 2477 520 2544 τοῖς
537 2472 632 2543 θεοῖς
649 2466 706 2532 καί
724 2466 785 2551 τήν
804 2466 949 2549 δύναμιν
969 2463 1139 2552 εύωχήσας

116 2578 303 2651 πολυτελῶς
326 2574 367 2638 τδι
389 2572 450 2656 μέν
473 2576 587 2658 πλήθη
610 2574 694 2659 πρὸς
721 2574 857 2639 εύνοιαν
884 2572 1139 2660 προεκαλέσατο,

116 2679 215 2758 αὐτὸς
243 2679 280 2746 δὲ
305 2683 387 2745 κατὰ
409 2681 471 2766 τήν
494 2679 604 2765 μέθην
628 2680 921 2766 συμπεριενεχθεὶς
943 2691 1011 2747 τῶν
1033 2701 1139 2768 παρα-

117 2786 318 2872 ληφθέντων
340 2796 410 2864 τοῑς
433 2789 480 2864 είς
502 2789 540 2853 τὸ
568 2790 680 2854 πίνειν
703 2787 888 2873 ὁρμήσασιν
911 2785 1067 2854 ἐνέπεσεν
1092 2791 1140 2866 είς

117 2892 313 2980 ἀρρωστίαν.
359 2894 475 2979 διόπερ
502 2894 626 2978 ἡμέρας
653 2897 745 2972 τινάς
772 2893 888 2980 ἐπέσχε
911 2904 969 2979 τῆς
991 2898 1139 2982 πορείας,
1159 2917 1186 2958 εε
1220 2940 1224 2954 .

116 3000 406 3088 καταβαρούμενος
437 3001 503 3067 ὑπὸ
535 3010 596 3067 τοῦ
628 3001 773 3079 πάθους·
804 3002 824 3085 η
858 3001 896 3067 δὲ
928 3002 1069 3084 δύναμις
1101 3001 1140 3070 ἐν

117 3105 248 3195 ἀθυμίᾳ
265 3110 486 3192 καθειστήκει,
505 3119 572 3175 τῶν
589 3108 651 3191 μὲν
667 3109 835 3191 πολεμίων
850 3109 1140 3193 προσδοκωμένων

188 3335 325 3391 ὅεύνουυ
344 3335 434 3430 ἑαυτῷ
448 3337 632 3392 κατεσκεύασε
650 3338 700 3391 καί
719 3333 869 3406 πρόθυμον
887 3337 917 3391 F
993 3337 1029 3392 13
1051 3360 1141 3395 κατα-

116 3409 214 3476 λεῖψαι
237 3408 267 3462 F.
340 3408 377 3463 15
401 3392 472 3464 ούτω
498 3410 528 3464 F.
606 3408 641 3462 18
666 3407 696 3462 εί
693 3409 722 3480 η]
747 3404 797 3475 ἧκε
822 3409 853 3464 F.
909 3408 928 3462 δι
953 3409 1000 3482 δή]
1027 3409 1082 3482 ἤδη
1108 3413 1138 3467 F

79 3475 143 3612 ἐξ
155 3476 327 3602 &caldone
342 3480 373 3536 F.
453 3480 492 3536 22
513 3476 735 3551 προσεκαλέσατο
754 3478 811 3535 XF
887 3479 924 3534 26
949 3479 979 3534 ἐν
1004 3485 1038 3553 τῇ
1064 3483 1140 3539 άθυ·
