2460 3848
440 197 481 254 01.
494 203 553 265 ιιι,
564 204 593 252 4:
614 203 665 253 τοι
680 214 705 253 ι.
716 185 778 253 c'hr.
1052 202 1118 267 299

99 350 233 411 πολλῶν
252 345 365 421 αὐτοῖς
381 344 436 409 καὶ
451 344 603 428 μεγάλων
616 353 703 408 νεῶν
717 350 963 428 περιχυθεισῶν
980 344 1119 420 καὶτοῖς

100 449 253 534 ἐμβόλοις
273 452 379 516 πολλά
399 451 480 535 μέρη
499 460 566 515 τῶν
583 453 705 535 τοίχων
723 449 1002 534 ἀναρρηττουσῶν
1021 449 1039 514 ὁ
1057 450 1119 532 μὲν

100 558 266 644 ναύαρχος
286 557 475 642 Ἐξήκεστος
497 559 553 622 καλ
575 557 593 623 ὁ
616 560 814 642 τριήραρχος
836 559 894 623 καί
914 580 1002 634 τινες
1024 559 1119 622 άλλοι

99 665 482 751 κατατραυματισθέντες
510 665 654 749 ήλωσαν,
684 674 744 729 τοῦ
774 665 806 728 δ’
830 665 933 730 άλλου
966 667 1119 748 πλήθους

69 770 406 855 ιέκκολυμβήσαντος
434 772 490 837 καλ
520 770 760 856 διανηξαμένου
791 773 874 854 πρὸς
903 774 982 848 τοὺς
1013 773 1119 849 ἰδίους

99 881 158 960 μία
184 879 245 960 μὲν
272 888 340 943 τῶν
367 889 454 943 νεῶν
480 878 669 964 ὑποχείριος
700 877 829 961 ἐγένετο
859 889 929 955 τοίς
956 879 1033 964 περὶ
1059 880 1119 944 τὸν

99 990 303 1070 Δημήτριον,
334 986 369 1050 αλ
396 984 426 1050 δ’
444 986 541 1050 άλλαι
568 985 732 1070 διέφυγον
754 987 814 1050 τὸν
836 987 1007 1052 κίνδυνον.
1052 1003 1153 1052 τοι-ἰ

100 1094 201 1176 αύτης
224 1087 286 1158 οὖν
309 1091 489 1176 γενομένης
511 1102 569 1176 τής
593 1094 777 1176 ναυμαχίας
804 1092 822 1157 ὁ
845 1093 907 1175 μέν
928 1097 1120 1179 Δημήτριος

100 1201 204 1284 άλλην
231 1200 382 1285 μηχανήν
409 1199 626 1266 κατεσκεύασε
653 1201 851 1284 τριπλασίαν
880 1209 926 1286 τῷ
955 1199 1035 1280 ύψει
1064 1199 1120 1264 καλ

56 1328 81 1366 ιο
100 1307 214 1371 πλάτει
241 1316 299 1391 τής
325 1310 499 1392 πρότερον,
526 1305 754 1392 προσάγοντος
777 1305 807 1369 δ’
825 1306 931 1389 αὐτήν
954 1307 1036 1391 πρὸς
1059 1308 1119 1372 τὸν

100 1413 215 1495 λιμένα
241 1416 338 1490 νότος
366 1412 521 1498 ἐκνεφίας
548 1411 782 1495 ἐπιγενόμενος
804 1414 844 1477 τά
867 1412 928 1494 μέν
951 1412 1119 1498 ὁρμοῦντα

98 1530 165 1585 τῶν
197 1524 324 1587 πλοίων
361 1521 558 1603 συνέκλυσε,
593 1521 655 1604 τήν
692 1519 729 1584 δέ
765 1520 916 1604 μηχανήν
952 1519 1118 1602 κατέβαλε.

98 1629 178 1693 καθ’
195 1627 235 1693 ὃν
259 1629 300 1712 δή
323 1629 447 1713 χρόνον
470 1628 503 1691 ολ
522 1624 642 1693 Ῥόδιοι
663 1637 709 1714 τῷ
732 1637 835 1714 καιρῷ
860 1625 973 1704 δεξιῶς
999 1627 1118 1712 χρησά-

98 1757 192 1816 μενοι
219 1735 330 1819 πύλην
357 1732 547 1811 ἀνοίξαντες
574 1731 734 1799 ἐπέθεντο
762 1743 832 1810 τοῖς
858 1735 896 1799 τὸ
923 1744 1017 1819 χῶμα
1043 1756 1118 1799 κατ·

55 1861 80 1899 ιι
99 1844 259 1926 ειληφόσι.
319 1840 499 1925 γενομένης
540 1841 577 1906 δέ
617 1841 720 1926 μάχης
760 1839 815 1907 ἐπὶ
850 1843 959 1906 πολύν
994 1843 1153 1926 χρόνον8

100 1949 236 2032 ἰσχυρᾶς
264 1949 319 2014 καί
346 1957 406 2014 τοῦ
434 1948 495 2030 μέν
518 1951 713 2033 Δημητρίου
742 1949 798 2012 διὰ
825 1949 885 2013 τὸν
907 1959 1051 2031 χειμῶνα
1074 1950 1117 2034 μή

99 2055 288 2137 δυναμένου
326 2059 507 2139 βοηθήσοι,
544 2066 612 2120 τῶν
648 2055 686 2119 δέ
718 2052 853 2120 Ῥοδίων
890 2052 926 2119 ἐκ
962 2054 1119 2138 διαδοχής

44 2161 354 2244 ιιοάγωνιζομένων
385 2161 647 2245 ἠναγκάσθησαν
679 2163 712 2226 οἱ
748 2169 808 2226 τοῦ
845 2159 1007 2243 βασιλέως
1038 2158 1118 2225 άπο-

99 2268 236 2350 θέμενοι
258 2271 298 2333 τά
321 2270 407 2335 όπλα
430 2269 639 2352 παραδοῦναι
663 2276 749 2353 σφᾶς
773 2267 905 2352 αύτούς,
929 2268 1023 2344 όυτες
1046 2284 1118 2352 σχε-

54 2394 80 2434 ιο
99 2375 160 2440 δὸν
183 2378 397 2459 τετρακόσιοι.
442 2375 571 2440 τούτων
594 2375 632 2439 δέ
654 2385 721 2439 τῶν
744 2375 1001 2459 προτερημάτων
1024 2398 1118 2458 γενο-
1138 2390 1152 2437 9

98 2481 208 2564 μένων
237 2492 307 2558 τοῖς
332 2480 469 2557 Ῥοδίοις
497 2479 723 2546 κατέπλευσαν
754 2492 794 2567 τή
827 2485 922 2547 πόλει
954 2482 1118 2566 σύμμαχοι

98 2591 187 2672 παρὰ
222 2589 283 2671 μέυ
321 2590 507 2653 Κνωσσίων
542 2587 660 2654 ἐκατὸν
696 2592 917 2673 πεντήκοντα,
955 2591 1044 2675 παρά
1081 2589 1119 2654 δὲ

99 2697 309 2776 Πτολεμαίου
335 2697 470 2772 πλείους
496 2705 564 2760 τῶν
586 2697 823 2780 πεντακοσίων,
851 2690 900 2761 ὧν
921 2693 1008 2781 ήσάν
1030 2719 1119 2772 τινες

94 2800 213 2867 Ῥόδιοι
235 2809 525 2888 μισθοφοροῦντες
553 2803 641 2885 παρὰ
664 2813 709 2887 τῶ
733 2806 871 2884 βασιλεῖ.
916 2803 971 2868 καλ
994 2804 1034 2866 τά
1057 2802 1117 2884 μὲν

54 2928 79 2966 ιι
99 2909 174 2991 περὶ
197 2910 258 2993 τήν
281 2907 319 2975 ἐν
338 2907 437 2996 Ῥόδφ
460 2910 656 2992 πολιορκίαν
679 2906 716 2974 ἐν
738 2910 869 2987 τούτοις
891 2906 943 2994 ήν.

169 3136 185 3190 l
218 3139 326 3190 πολλῶν
354 3136 402 3190 καλ
430 3135 555 3205 μεγάλων
583 3137 680 3198 αύτοῑς
706 3145 777 3190 νεῶν
804 3136 834 3191 F.
917 3135 934 3188 2
960 3143 1058 3204 τειχῶν
1086 3135 1116 3190 F.

98 3205 328 3276 άναρρηττόντων
342 3205 392 3260 RX
407 3209 486 3298 (οοχτ.
502 3207 597 3266 Dind.)
612 3205 822 3298 άνορυττόνφων
836 3208 866 3261 F.
921 3207 939 3261 8
957 3215 1005 3276 τῆς
1022 3206 1115 3297 ωορδ.

97 3276 335 3418 fficz‘ss'ssffi
359 3279 953 3421 (03⁶.{?“2⁷.⁰3.'.⁰if’mfissz‘ssffssf322⁰.
979 3280 1117 3404 ελλάδ’.

98 3420 194 3476 16.17
221 3424 364 3493 βοηθῆσαι
390 3421 426 3491 μή
456 3418 614 3491 δυναμένου
639 3423 669 3476 F.
742 3421 777 3475 22
803 3420 938 3476 Κνωσίων
961 3421 996 3485 F3
1025 3424 1055 3475 at
1081 3421 1116 3474 cf.

97 3491 162 3546 XVI
181 3499 223 3560 62,
238 3500 263 3548 4.
327 3494 370 3548 22.
385 3492 421 3547 23
438 3492 516 3560 παρὰ
535 3497 586 3547 Πτ,
624 3492 688 3547 ἐΧ.
751 3492 793 3547 24.
809 3492 844 3546 25
861 3492 896 3546 τά
915 3493 966 3562 μὲν
985 3490 1015 3545 ἐν
1030 3489 1116 3564 Ῥόδῳ

98 3563 161 3630 περὶ
179 3563 230 3633 τὴν
248 3584 277 3619 π,
296 3565 326 3619 F.
