2460 3848
108 200 150 265 68
455 196 569 252 Diodor.
579 195 643 248 XIX
657 201 780 250 41-43.

108 342 146 408 δὲ
167 353 238 420 τοῖς
259 339 327 426 μετ’
346 342 521 424 Εὐμενοῦς
538 340 843 427 παρατασσομένοις
860 343 1130 426 παρακελευσμὸς

107 450 164 515 καί
190 451 253 534 βοή
280 450 342 533 τήν
368 449 526 532 ταχίστην
553 449 647 532 άγειν
670 446 725 513 ἐπὶ
746 451 825 526 τοὺς
848 450 1034 530 πολεμίους.
1080 442 1130 513 ὧν

107 557 261 640 Εὐμενής
288 555 377 642 δρῶν
404 557 465 640 τήν
488 556 683 640 προθυμίαν
705 551 787 640 ἦρεν
809 557 847 622 τὸ
871 556 1054 639 σύσσημον,
1082 554 1127 619 δι’

108 659 156 728 ὧν
187 666 413 748 παρεστήσατο
445 664 524 738 τοὺς
555 661 617 744 μέν
650 663 851 745 σαλπιγκτὰς
881 663 919 726 τὸ
948 663 1131 743 πολεμικὸν

108 772 292 854 σημαίνειν,
315 770 376 853 τήν
400 768 437 834 δὲ
461 768 606 851 δύναμιν
628 766 787 846 ἀλαλάξαι
810 777 929 834 πᾶσαν.
1162 789 1175 830 ι

54 875 98 941 42
179 882 318 960 Συνῆψε
342 876 380 941 δὲ
402 875 510 961 μάχην
531 875 749 960 πρῶτονμὲν
772 876 812 940 τά
834 876 954 961 θηρία,
983 876 1065 957 μετὰ
1092 875 1131 939 δὲ

107 992 210 1049 ταῦτα
241 983 297 1049 καὶ
327 984 365 1048 τὸ
397 993 465 1047 τῶν
499 980 625 1047 ἱππέων
657 986 796 1066 πλῆθος.
848 990 908 1047 τοῦ
941 981 979 1045 δὲ
1009 981 1129 1046 πεδίου

107 1091 235 1174 πολλήν
267 1089 475 1174 εὐρυχωρίαν
507 1085 642 1173 ἔχοντος
672 1088 728 1153 καὶ
762 1090 886 1166 παντὸς
911 1088 1131 1179 Ιὑπάρχοντος

107 1196 213 1282 ἀργοῦ
237 1197 293 1262 διὰ
315 1198 377 1281 τήν
402 1195 440 1262 έν
462 1195 552 1281 αὐτῷ
576 1195 760 1279 διήκουσαν
778 1195 945 1281 ἁλμυρίδα
968 1203 1131 1261 τοσοῦτον

108 1302 232 1388 συνέβη
262 1303 329 1369 ὑπὸ
358 1314 427 1369 τῶν
458 1301 584 1368 ἱππέων
614 1300 806 1387 ἐξαίρεσθαι
836 1303 1013 1388 κονιορτὸν
1046 1302 1130 1368 ὥστε
1149 1323 1175 1363 ιο

107 1409 233 1495 μηδένα
261 1410 431 1475 δύνασθαι
458 1409 582 1497 ῥᾳδίως
610 1417 759 1493 συνορᾶν
786 1406 820 1486 ἐξ
851 1409 967 1493 ὀλίγον
997 1409 1131 1494 διαστή-

72 1533 88 1581 2
107 1541 208 1600 ματος
230 1519 268 1583 τὸ
291 1518 478 1601 γινόμενον.
519 1515 537 1580 δ
562 1516 603 1600 δή
626 1519 832 1600 κατανοήσας
851 1513 1042 1600 Ἀντίγονος
1065 1516 1180 1582 &at-350

108 1624 231 1690 έστειλε
258 1626 337 1700 τοὺς
364 1622 401 1688 ἐκ
427 1624 564 1707 Μηδίας
593 1625 702 1700 ίππείς
730 1623 787 1688 καί
815 1634 883 1688 τῶν
915 1624 1131 1708 Ταραντίνων

107 1733 187 1807 τοὺς
211 1731 346 1807 ἱκανοὺς
369 1729 424 1795 ἐπὶ
441 1732 503 1815 τήν
521 1730 711 1814 ἀποσκευήν
729 1741 797 1795 τῶν
814 1731 994 1812 πολεμίων·
1017 1731 1133 1813 ήλπιζε-

107 1838 187 1921 γάρ,
210 1837 291 1922 ὅπερ
310 1833 353 1921 ήν
373 1837 511 1922 ἀληθές,
533 1838 588 1903 διὰ
606 1837 668 1921 μὲν
685 1839 745 1903 τὸν
763 1838 939 1921 κονιορτὸν
956 1839 1131 1921 λήσεσθαι,
1149 1856 1174 1897 ιι

108 1944 164 2008 διά
194 1943 232 2008 δὲ
261 1945 323 2028 τήν
353 1944 479 2010 ἅλωσιν
509 1955 566 2030 τῆς
593 1944 779 2027 ἀποσκευῆς
808 1943 944 2027 ἀκονητὶ
970 1951 1131 2029 κρατήσαι

72 2065 88 2114 3
108 2061 176 2116 τῶν
198 2052 374 2134 πολεμίων.
421 2053 454 2117 ολ
479 2051 517 2116 δὲ
539 2050 750 2136 πεμφθέντες
772 2051 1070 2133 περιιππεύσαντες
1091 2051 1130 2116 τὸ

107 2156 206 2244 κέρας
248 2169 316 2224 τῶν
356 2156 519 2223 ἐναντίων
559 2158 615 2223 καί
655 2159 818 2234 λαθόντες
859 2156 1019 2223 ἐπέθεντο
1060 2167 1130 2235 τοῖς

108 2267 343 2349 σκευοφόροις,
371 2263 531 2348 ἀπέχουσι
558 2274 615 2348 τῆς
643 2263 748 2348 μάχης
771 2264 816 2341 ὡς
838 2262 936 2329 πέντε
959 2264 1129 2341 σταδίους·

108 2371 262 2456 εὑρόντες
285 2367 315 2435 δ’
335 2370 439 2454 αὐτὴν
462 2373 570 2454 πλήρη
593 2369 655 2453 μέν
678 2370 779 2455 ἀχλου
802 2372 887 2457 πρὸς
904 2369 1012 2454 μάχην
1030 2370 1131 2454 ἀχρή-
1148 2392 1174 2431 ιο

108 2492 205 2561 στου,
236 2479 315 2553 τοὺς
346 2473 377 2540 δ’
405 2475 635 2559 ἀμυνομένους
664 2476 799 2561 ὀλίγους
824 2479 907 2561 ταχὺ
935 2479 1014 2554 τοὺς
1041 2477 1131 2542 ἀντι-

108 2583 249 2661 στάντας
275 2583 474 2668 τρεψάμενοι
501 2593 569 2648 τῶν
596 2584 707 2649 ἀλλων
736 2583 893 2650 ἁπάντων
922 2583 1130 2670 ἐκυρίευσαν.

72 2707 89 2754 4
108 2690 174 2772 άμα
201 2689 239 2754 δὲ
266 2690 396 2766 τούτοις
423 2689 660 2776 πραττομένοις
679 2687 870 2775 Ἀντίγονος
893 2692 955 2774 μὲν
978 2690 1131 2770 συνάψας

81 2870 83 2875 ⁸
107 2797 215 2882 μάχην
236 2807 307 2874 τοῖς
330 2796 614 2881 ἀντιτεταγμένοις
635 2798 691 2863 καί
713 2800 794 2880 μετά
820 2801 974 2883 πλήθους
1003 2797 1130 2864 ἱππέων

107 2903 281 2989 ἐπιφανείς
309 2902 531 2989 κατεπλήξατο
562 2903 756 2989 Πευκέστην
785 2907 845 2971 τὸν
873 2913 932 2988 της
961 2905 1131 2989 Περσίδος
1148 2925 1172 2968 ει

107 3011 290 3096 σατράπην,
318 3009 355 3087 ὃς
381 3012 462 3091 μετὰ
489 3021 557 3076 τῶν
585 3012 662 3096 περὶ
688 3011 810 3078 ἑαυτὸν
835 3010 961 3077 ἱππέων
984 3008 1044 3089 ἔξω
1068 3022 1130 3078 τοῦ

106 3126 283 3204 κονιορτοῦ
303 3117 419 3194 διδοὺς
436 3116 557 3184 ἑαυτὸν
573 3120 845 3184 συνεπεσπάσατο
863 3119 919 3183 καί
934 3129 1002 3183 τῶν
1018 3119 1130 3185 ἀλλων

179 3274 246 3330 loz
269 3292 323 3330 om.
343 3273 377 3329 X.
449 3275 589 3330 3malim
612 3275 651 3330 δι’
668 3273 702 3332 ού
721 3293 784 3330 oum
803 3276 906 3343 Wess.;
928 3271 978 3344 (ὧν
997 3292 1031 3330 ex
1050 3279 1130 3332 anto·

107 3346 225 3401 cedente
242 3364 267 3399 v.
282 3347 453 3417 repetitum).
511 3346 699 3415 ὃάλλαλάξαι
716 3348 746 3402 F.
796 3345 972 3417 θάλμυρίδα
1004 3348 1128 3405 cf.P1ut.

96 3417 182 3471 Eum.
206 3424 248 3473 16.
324 3419 359 3473 11
382 3415 502 3490 μηδένα]
546 3417 645 3488 ήΙίΧ.
722 3418 758 3473 12
776 3416 791 3473 δ
811 3419 858 3491 δή]
878 3417 893 3474 δ
913 3417 971 3473 δέ
1008 3419 1039 3486 F,
1059 3437 1129 3476 corr.

81 3489 110 3536 2·
125 3503 163 3539 m.
231 3489 273 3544 14
290 3490 427 3565 ἱκανούς]
445 3439 614 3561 κρατίδτους
630 3491 663 3547 F.
724 3490 761 3545 15
780 3490 828 3560 μὲν
847 3507 901 3545 om.
916 3490 946 3558 F,
965 3491 1031 3546 add.
1051 3497 1076 3546 2.
1092 3511 1128 3548 m.

64 3548 112 3602 18
125 3554 247 3613 ἀκονιτὶ
266 3562 299 3618 F.
342 3565 502 3637 κρατήσειν
524 3565 613 3623 Dind.
687 3563 726 3620 28
744 3559 831 3619 αύτδν
846 3561 883 3616 δ,
