2460 3848
431 205 584 272 01.11⁷‚42
604 210 655 259 εοο
671 221 696 259 ι.
708 203 769 259 chr.
1043 209 1106 273 221

90 374 157 416 νιοι
180 353 318 435 γνόντες
340 351 402 434 τῆν
424 352 514 436 παρά
536 359 606 428 τοῖς
629 351 798 432 πολεμίοις
820 350 937 416 στάσιν
960 346 1110 432 ἔπεμψάν

89 480 183 534 τινας
212 455 382 534 ἀξιοῦντες
410 457 676 541 μεταβάλλεσθαι
705 457 761 522 καί
789 457 869 534 τούς
899 480 935 522 τε
966 459 1111 539 μισθοὺς

89 566 220 647 μείζους
246 564 302 629 καί
330 565 456 650 δωρεὰς
485 562 679 647 ἀξιολόγους
709 564 829 630 δώσειν
859 562 1109 648 ἐπηγγέλλοντο.

89 672 208 737 πολλοὶ
235 670 297 754 μὲν
325 665 388 736 οὖν
416 681 485 736 τῶν
510 671 684 754 ἡγεμόνων
712 669 848 748 ἀπάξειν
874 672 959 757 πρὸς
988 671 1112 747 αὐτοὺς

59 779 151 863 ιτῆν
169 779 328 864 στρατιάν
348 777 599 862 ἐπηγγείλαντο·
623 777 641 844 ὁ
665 776 696 842 δ’
710 779 915 862 Ἀγαθοκλῆς
937 775 1027 863 ὁρῶν
1049 779 1144 862 τῆνκ

90 886 257 970 σωτηρίαν
280 883 335 950 ἐπί
359 885 463 971 ῥοπῆς
485 884 640 969 κειμένην
662 886 717 951 καί
741 886 952 970 φοβούμενος
974 885 1018 969 μὴ
1041 894 1111 962 τοῖς

90 993 259 1074 πολεμίοις
295 993 500 1076 παραδοθεὶς
536 991 613 1074 μεθ’
643 991 772 1075 ύβρεως
807 991 1016 1082 καταστρέῆη
1051 994 1111 1058 τὸν

89 1100 177 1182 βίον,
200 1097 346 1181 ὑπέλαβε
368 1108 519 1185 κρεῖττον
538 1092 635 1182 εἶναι,
657 1097 720 1163 κάν
739 1098 797 1189 δέη
819 1122 852 1164 τι
872 1099 1022 1185 πάσχειν,
1044 1099 1110 1164 ὑπὸ

89 1216 158 1270 τῶν
186 1216 396 1291 στρατιωτῶν
423 1205 619 1271 ἀποθανεῖν.
670 1202 786 1289 διόπερ
814 1206 1023 1288 ἀποθέμενος
1049 1208 1145 1291 τῆνο

46 1334 72 1373 ιο
90 1313 272 1398 πορφύραν
311 1313 367 1378 καί
407 1314 601 1396 μεταλαβὼν
644 1313 812 1396 ἰδιωτικῆν
852 1313 908 1377 καί
951 1314 1111 1397 ταπεινὴν

89 1417 217 1504 ἐσθῆτα
237 1424 412 1505 παρῆλθεν
430 1421 478 1496 είς
497 1421 535 1484 τὸ
558 1419 669 1502 μέσον.
706 1427 831 1502 σιωπῆς
850 1413 913 1484 οὖν
931 1418 1111 1503 γενομένης

42 1527 151 1592 ιαοδιά
181 1526 218 1590 τὸ
248 1525 438 1612 παράδοξον
467 1527 522 1591 καί
552 1532 685 1592 πολλῶν
715 1525 905 1610 γενομένων
934 1535 1001 1590 τῶν
1031 1541 1111 1590 συν-

91 1630 289 1718 δραμόντων
312 1631 465 1716 διεξῆλθε
493 1629 615 1715 λόγους
642 1634 786 1710 οἰκείους
810 1642 869 1716 τῆς
890 1633 1112 1718 περιστάσεως

90 1740 146 1805 καί
168 1751 236 1805 τῶν
254 1746 611 1830 προκατεργασθεισῶν
634 1740 723 1826 αὐτῶ
746 1737 898 1826 πράξεων
921 1738 1112 1824 ἀναμνῆσας

47 1869 72 1910 ιε
91 1843 217 1932 ἔφησεν
247 1846 376 1930 ἕτοιμος
405 1840 492 1912 εἶναι
520 1850 688 1929 τελευτῶν,
720 1846 751 1910 εί
781 1854 880 1911 τοῦτο
911 1845 1000 1924 δόξει
1029 1864 1112 1929 συμ-

92 1953 209 2039 φέρειν
240 1964 310 2031 τοῖς
346 1953 675 2037 συστρατευομένοις·
712 1953 873 2019 οὐδέποτε
909 1954 973 2038 γάρ
1009 1953 1147 2018 αύτδν4

92 2061 200 2147 δειλία
218 2061 465 2146 συνεσχημένον
483 2061 663 2144 ὑπομεῖναί
678 2083 711 2125 τι
728 2065 853 2124 παθεῖν
872 2060 997 2124 άτοπον
1017 2058 1112 2124 ἕνεκα

91 2177 152 2232 τοῦ
175 2172 384 2253 φιλοψυχεῖν.
425 2168 481 2232 καί
503 2167 624 2232 τούτου
647 2167 816 2253 μάρτυρας
838 2163 987 2242 ἐκείνους
1006 2164 1112 2251 ὑπάρ-

91 2296 163 2358 χειν
193 2274 459 2359 ἀποφαινόμενος
488 2272 658 2359 έγύμνωσε
687 2275 724 2339 τὸ
756 2271 866 2359 ξίφος,
899 2273 944 2349 ὡς
976 2269 1112 2357 σφάξων

47 2404 74 2443 κο
92 2378 220 2446 ἑαυτόν.
266 2380 444 2463 μέλλοντος
472 2378 503 2445 δ’
525 2380 697 2466 ἐπιφέρειν
724 2381 855 2464 πληγῆν
883 2378 1045 2463 ἀνεβόησε
1074 2380 1111 2444 τὸ

93 2489 318 2572 στρατόπεδον
333 2489 520 2553 διακωλῦον
533 2488 588 2552 καί
603 2488 816 2571 πανταχόθεν
830 2485 982 2570 ἐγίνοντο
1002 2487 1113 2571 φωναί

92 2606 160 2660 τῶν
189 2592 401 2679 ἐγκλημάτων
428 2593 644 2659 ἀπολύουσαι.
694 2593 956 2678 προστάττοντος
986 2593 1023 2659 δὲ
1052 2602 1147 2658 τοῦσ

92 2705 246 2784 πλήθους
282 2701 462 2784 ἀναλαβεῖν
493 2702 555 2786 τῆν
587 2702 762 2785 βασιλικὴν
794 2698 921 2784 ἐσθῆτα
957 2701 1113 2784 δακρύων

92 2809 148 2874 καί
175 2818 245 2885 τοῖς
271 2809 381 2894 όχλοις
409 2809 614 2894 εὐχαριστῶν
639 2804 792 2872 ἐνεδύετο
820 2807 880 2871 τὸν
903 2811 1113 2891 προσήκοντα

48 2938 74 2978 τι
92 2918 228 2998 κόσμον,
252 2925 312 2980 τοῦ
336 2919 488 2999 πλῆθους
510 2916 572 2999 τῆν
595 2913 861 2979 ἀποκατάστασιν
879 2914 985 3000 κρότφ
1009 2934 1112 2997 παρα-

92 3021 342 3106 μυθησαμένου.
394 3033 462 3088 τῶν
495 3022 532 3088 δέ
561 3021 804 3107 Καρχηδονίων
835 3020 1113 3106 καραδοκούντων

163 3215 245 3270 θκαλ
258 3215 309 3278 τὰς
323 3215 429 3283 δωρεὰς
442 3215 468 3268 R
482 3218 561 3285 (corr.
573 3222 596 3269 1.
606 3216 655 3282 m.)
668 3213 724 3270 XF.
779 3215 797 3267 6
811 3212 857 3267 ἐπὶ
872 3213 960 3284 ῥοπῆς
969 3211 1091 3284 <μικρῶς

93 3289 185 3343 Ηετοτ.
209 3289 276 3356 spic.
296 3287 361 3341 Vat.
386 3305 414 3356 p.
434 3293 467 3341 27
488 3292 543 3340 α.1
571 3285 617 3355 (cf.
636 3285 674 3338 IX
693 3287 786 3354 am).
866 3280 982 3339 θεῖναι
1007 3301 1060 3338 om.
1106 3327 1112 3339 .

94 3359 158 3413 ‘saw
176 3360 221 3413 vel
240 3357 307 3413 ἀνθ’
325 3359 409 3413 Βίωᾱ.
469 3358 504 3412 13
523 3355 644 3418 οἰκείους
661 3354 760 3426 λόγους
777 3356 810 3411 X.
870 3354 905 3410 14
923 3374 1114 3425 προκατεργα-

95 3427 221 3485 σθέντων
235 3431 330 3497 ουδεὶς
348 3447 416 3485 corr.
429 3429 513 3484 Dind.
568 3428 604 3483 15
618 3425 699 3493 δόξαι
712 3428 742 3482 1⁴¹.
777 3424 927 3496 συμφέρειν
942 3428 1122 3488 οωῖχοῶο.

94 3504 152 3555 not.
172 3501 269 3570 steph·
342 3501 376 3557 17
395 3501 516 3575 παθεῖν]
535 3499 670 3571 πράττειν
686 3499 954 3566 &mmmm
986 3489 1157 3589 θεουωιοῖἐξ

91 3572 125 3625 21
145 3573 303 3628 ιιικιιιοι
321 3572 374 3628 Rx
398 3573 446 3647 (cf.
459 3573 689 3634 γνῶσι-ειη.
704 3591 739 3644 ς.
752 3574 814 3641 ευ.
887 3564 937 3618 Ἃ
955 3554 1118 3612 mm
1167 3581 1174 3590 ·
