2460 3848
94 192 157 257 146
478 187 593 242 Diodor.
603 185 667 240 XIX
682 191 723 241 94.

91 336 153 420 τήν
176 335 288 420 χώραν
310 333 376 399 τῶν
394 331 546 418 Ἀράβων
568 343 636 398 τῶν
661 330 876 414 καλουμένων
897 333 1113 413 Ναβαταίων.

91 443 207 527 κρίνας
237 441 300 527 γδιρ
330 441 367 505 τὸ
398 437 499 517 ἔθνος
529 448 628 505 τοῦτο
658 450 726 504 τῶν
758 437 878 505 ἑαυτοῦ
910 437 1114 523 πραγμάτων

92 548 268 633 ἀλλότριον
310 541 410 630 εἶναι,
456 548 705 632 προεχειρίσατο
748 557 816 611 τῶν
858 544 961 610 αὑτοῦ
1004 547 1115 630 φίλων

88 652 280 740 Ἀθήναιον,
309 654 391 730 δοὺς
418 652 495 732 <δ’>
524 653 613 741 αύτῷ
640 654 758 731 πεζοὺς
785 652 846 736 μὲν
872 652 1037 731 εὐζώνους
1063 675 1116 717 τε·

91 763 351 846 τρακισχιλίους,
381 760 490 837 ἱππεῖς
517 760 555 825 δέ
582 761 661 836 τοὺς
687 758 894 843 ἐπιτηδείους
917 761 965 836 είς
986 760 1116 845 δρόμον
1148 778 1160 819 τ

92 866 283 946 ἑξακοσίους
307 864 485 944 συνέταξεν
509 865 690 932 ἐπιθέσθαι
717 875 787 942 τοῖς
811 866 994 952 βαρβάροις
1017 868 1115 952 ἀφνω

56 976 147 1040 νκαί
174 976 236 1059 τήν
263 975 357 1038 λείαν
385 982 495 1038 πᾶσαν
523 971 755 1056 ἀποτεμέσθαι.
802 976 963 1058 χρήσιμον
991 973 1022 1038 δ’
1044 972 1116 1040 ἐστὶ

91 1092 159 1146 τῶν
173 1080 388 1165 ἀγνοούντων
403 1080 499 1146 ἕνεκα
518 1080 668 1146 διελθεῖν
683 1082 724 1144 τδι
741 1080 865 1162 νόμιμα
883 1091 951 1145 των
965 1079 1117 1166 Ἀράβων

92 1188 230 1272 τούτων,
258 1179 308 1265 οίς
336 1188 499 1273 χρώμενοι
526 1188 665 1253 δοκοῦσι
687 1189 749 1271 τήν
772 1184 970 1272 ἐλευθερίαν
993 1187 1117 1271 διαφυ-

93 1294 231 1359 λάττειν.
278 1291 392 1379 ἔχουσι
419 1296 537 1359 τοίνυν
561 1295 621 1358 τὸν
648 1295 726 1376 βίον
748 1293 944 1380 ὑπαάθριον,
971 1296 1118 1378 πατρίδα
1136 1315 1161 1354 10

92 1406 271 1477 καλοῦντες
298 1402 360 1486 τήν
387 1401 544 1486 ἀοίκητον
573 1402 634 1485 τήν
663 1403 744 1484 μήτε
773 1402 941 1483 ποταμοὺς
971 1397 1118 1485 ἔχουσαν

92 1511 172 1592 μήτε
203 1511 328 1593 κρήνας
360 1508 526 1591 δαψιλεῖς,
564 1506 596 1584 ἐξ
630 1501 678 1572 ὧν
710 1508 857 1573 δυνατὸν
890 1508 1118 1594 στρατόπεδον

57 1612 252 1696 επολέμιον
283 1612 524 1699 ὑδρεύσασθαι.
576 1616 678 1697 νόμος
710 1612 741 1678 δ’
767 1612 858 1680 ἐστίν
891 1615 1005 1691 αὐτοῖς
1035 1619 1118 1700 μήτε

94 1730 188 1786 σῖτον
207 1722 356 1805 σπείρειν
374 1723 454 1804 μήτε
473 1721 633 1805 φυτεύειν
651 1720 755 1805 μηδὲν
774 1722 883 1806 φυτὸν
897 1723 1119 1807 καρποφόρον

92 1830 172 1911 μήτε
201 1827 282 1915 οἴνφ
310 1833 456 1912 χρᾶσθαι
482 1831 562 1912 μήτε
591 1830 700 1893 οἰκίαν
722 1827 987 1907 κατασκευάζειν·
1016 1827 1054 1904 ὃς
1082 1824 1114 1893 δ’
1138 1848 1161 1888 ιι

95 1932 137 1998 ἀν
155 1936 245 2020 παρὰ
262 1943 366 2000 ταῦτα
384 1945 491 2000 ποιων
510 1934 716 2021 εὑρίσκηται,
734 1935 887 2000 θάνατον
905 1935 993 2022 αὐτῷ
1013 1938 1120 2020 πρόσ-

57 2057 74 2105 4
93 2063 190 2123 τιμον
209 2035 304 2107 εἶναι.
340 2052 485 2128 χρῶνται
504 2041 542 2106 δὲ
559 2052 605 2128 τῷ
628 2042 719 2128 νόμφ
742 2042 848 2129 τούτφ
872 2042 1120 2125 διαλαμβάνον·
1149 2044 1151 2048 ”

92 2170 146 2225 τες
177 2149 256 2224 τοὺς
288 2156 391 2214 ταῦτα
421 2146 611 2230 κτωμένους
642 2147 960 2233 ἀναγκασθήσεσθαι
993 2150 1120 2236 ῥαδίως

92 2253 159 2319 ὑπὸ
187 2265 255 2320 τῶν
283 2255 438 2319 δυνατῶν
461 2253 558 2319 ἕνεκα
580 2263 638 2339 τής
660 2254 789 2320 τούτων
811 2257 923 2341 χρείας
945 2265 1056 2321 ποιεῖν
1079 2259 1119 2324 τὸ

93 2363 395 2446 προστασσόμενον.
437 2360 599 2447 τρέφουσι
621 2358 651 2425 δ’
666 2360 776 2427 αὐτῶν
799 2362 833 2427 ολ
854 2361 916 2445 μὲν
938 2366 1119 2449 καμήλους,
1138 2384 1161 2423 ιο

94 2467 127 2532 ολ
152 2466 190 2532 δέ
218 2470 383 2553 πρόβατα,
411 2468 473 2551 τήν
496 2464 620 2552 ἐρήμου
643 2466 860 2551 ἐπινέμοντες.
907 2469 969 2534 οὐκ
992 2469 1120 2554 ὀλίγων

94 2573 124 2637 δ’
142 2574 251 2639 ὄντων
272 2572 455 2659 Ἀραβικῶν
477 2572 591 2640 ἐθνῶν
613 2586 681 2641 τῶν
703 2578 765 2661 τήν
792 2572 916 2660 ἐρήμου
943 2573 1121 2658 ἐπινεμόν-

94 2704 162 2744 των
186 2675 279 2745 οὗτοι
301 2683 388 2746 πολὺ
413 2692 480 2746 τῶν
504 2682 614 2747 ἀλλων
637 2682 817 2767 προέχουσι
839 2692 911 2760 ταῖς
934 2682 1120 2770 εὐπορίαις,

94 2788 154 2852 τὸν
191 2786 338 2873 ἀρνθμὸν
371 2788 464 2865 ὄντες
501 2788 541 2853 ού
578 2792 664 2854 πολὺ
702 2791 837 2866 πλείους
873 2799 940 2854 τῶν
972 2794 1120 2875 μυρίων·

60 2909 75 2958 5
95 2894 236 2958 εἰώθασι
254 2895 318 2980 γάρ
342 2894 453 2960 αὐτῶν
472 2895 534 2960 ούκ
556 2895 664 2980 ὀλίγοι
687 2896 842 2980 κατάγειν
862 2893 917 2961 ἐπὶ
939 2895 1120 2964 θάλασσαν
1138 2915 1160 2957 ²⁶

166 3120 183 3175 l
201 3120 340 3193 Ἀρράβωτ
358 3123 380 3176 F
400 3139 516 3191 semper.
553 3120 739 3196 Ναβαταίων]
754 3122 898 3193 Νομάδων
911 3124 942 3192 F,
959 3140 1027 3180 corr.
1045 3132 1069 3181 2.
1080 3145 1119 3184 m.

96 3193 126 3246 in
144 3209 233 3262 marg.
287 3193 411 3249 θαύτού
430 3193 493 3261 RX3
512 3202 567 3248 τῶν
586 3193 635 3249 ὑπ’
652 3196 739 3250 αύτού
759 3216 789 3264 φ.
803 3195 833 3250 F.
889 3195 1120 3264 4ἈθηναϊονΡ

95 3264 154 3318 fere
173 3280 290 3333 semper.
328 3263 591 3338 <θ’>ο(1(1.1)ἱιιᾱ.
628 3267 704 3340 αὐτῷ
725 3284 779 3320 om.
797 3265 855 3322 ΒΧ.
931 3266 1121 3338 ἳάποτέμνε·

97 3339 167 3389 σθαι
184 3336 214 3390 F.
266 3335 293 3391 θ’
315 3336 384 3408 ἐστὶ]
411 3336 442 3391 δὲ
464 3337 495 3391 F.
575 3337 611 3392 10
629 3337 664 3392 (1ο
683 3354 759 3406 seqq.
779 3338 813 3391 cf.
833 3337 860 3392 11
878 3343 925 3405 483
945 3339 1120 3397 Krumbholz

85 3406 192 3461 EAM
205 3405 298 3464 XMV
308 3425 338 3478 p.
350 3413 401 3463 286
410 3425 469 3478 sqq.
515 3405 847 3478 2οπροσταττίμενονΕ.
895 3409 930 3463 22
945 3407 1120 3482 Ἀρραβικῶτ

72 3474 106 3528 P.
194 3478 235 3533 23
257 3480 360 3537 πολλοὶ
382 3481 413 3538 F.
498 3479 535 3537 25
557 3479 689 3552 κατάγειν
713 3479 759 3534 ἐπὶ
780 3479 940 3552 θάλασσαν]
965 3481 1038 3536 κατὰ
1061 3485 1121 3540 θά-

58 3545 180 3603 locam
196 3551 229 3620 F,
254 3571 329 3612 eorr.
353 3562 377 3612 2.
393 3575 434 3614 m.
