2460 3848
450 210 491 265 01.
503 216 563 278 118,
574 217 603 265 2:
624 215 675 265 εοι
690 214 715 265 ο.
727 210 790 267 chr.
1063 215 1127 282 251

109 356 148 433 δς
183 356 245 439 μὲν
280 355 472 440 κατέδυσεν,
509 355 548 433 ἀς
584 355 622 421 δὲ
656 356 865 443 αὐτάνδρους
881 348 994 423 εἷλεν.
1047 357 1129 424 ὑπο-

110 462 263 549 στρέφων
291 459 322 526 δ’
341 461 405 528 ἀπὸ
432 471 492 528 τοῦ
520 465 698 546 νικήματος
724 464 838 547 ήλπιζε
865 464 921 529 καί
948 466 1006 542 τάς
1029 466 1130 543 ἀλλας

110 570 232 656 ῥαδίως
267 569 505 655 χειρώσασθαι·
542 573 716 655 θεωρήσας
749 570 786 636 δὲ
817 572 855 635 τό
886 593 922 635 τε
954 571 1130 654 εὐώνυμον

108 676 206 761 κέρας
241 686 309 741 τών
347 676 442 741 ἰδίων
479 676 759 762 συντετριμμένον
794 677 850 742 καλ
885 678 943 754 τάς
980 689 1130 763 συνεχεῖς

78 803 90 845 ι
109 782 236 860 ἁπάσας
259 784 342 868 πρὸς
365 786 478 869 φυγήν
501 784 709 869 ὡρμημένας,
737 780 785 849 έτι
809 783 847 849 δὲ
868 787 948 862 τοὺς
971 785 1047 871 περὶ
1069 786 1130 851 τὸν

108 893 303 975 Δημήτριον
320 891 401 972 μετὰ
423 890 549 976 βάρους
571 889 834 976 ἐπιφερομένους
856 889 1064 958 ἀπέπλευσεν
1082 894 1129 970 είς

54 1067 55 1070 χ
108 999 236 1062 Κίτιον.
286 1001 477 1083 Δημήτριος
504 997 542 1062 δὲ
569 1001 706 1082 νικήσας
733 1007 773 1083 τή
801 1001 968 1086 ναυμαχίη
995 1009 1040 1088 τῷ
1068 1000 1164 1082 μδνι

107 1103 222 1169 Νέωνι
253 1105 309 1169 καλ
340 1106 493 1191 Βουρίχῳ
525 1104 696 1189 παρέδωκε
731 1106 772 1170 τά
808 1107 1025 1192 στρατιωτικά
1061 1117 1129 1172 τών

107 1213 247 1295 πλοίων,
274 1209 459 1297 προστάξας
488 1212 621 1277 διώκειν
650 1211 706 1276 καὶ
735 1213 814 1288 τοὺς
842 1210 881 1277 έν
909 1221 949 1297 τή
979 1213 1129 1304 θαλάττη

63 1338 89 1378 ιο
108 1317 368 1402 διανηχομένους
390 1318 649 1402 ἀναλαμβάνειν·
673 1318 773 1395 αὐτὸς
795 1317 833 1382 δὲ
855 1319 914 1394 τάς
938 1319 1024 1396 ίδίας
1046 1329 1130 1398 ναῦς

107 1429 274 1511 κοσμήσας
300 1435 371 1502 τοῖς
398 1424 625 1510 ἀκροστολίοις
652 1424 707 1489 καί
734 1426 793 1502 τὰς
820 1424 965 1502 ἁλούσας
992 1425 1128 1510 ἐφελκό-

107 1555 206 1614 μενος
234 1534 294 1598 τὸν
324 1537 432 1598 πλοῦν
462 1530 604 1598 ἐποιεῖτο
635 1533 719 1616 πρὸς
747 1533 785 1597 τὸ
818 1533 1044 1618 στρατόπεδον
1072 1533 1129 1599 καί

106 1639 166 1703 τὸν
185 1640 310 1704 οἰκεῖον
329 1638 453 1722 λιμένα.
489 1640 572 1704 κατὰ
591 1639 628 1704 δὲ
646 1640 707 1705 τὸν
725 1647 782 1723 τής
805 1641 989 1724 ναυμαχίας
1011 1641 1129 1726 καιρὸν
1147 1656 1164 1705 ι

107 1744 282 1823 Μενέλαος
304 1745 322 1811 δ
346 1743 384 1812 ἐν
406 1754 446 1832 τή
470 1749 639 1828 Σαλαμῖνι
667 1747 849 1831 στρατηγὸς
873 1747 1050 1833 πληρώσας
1072 1749 1130 1825 τάς

63 1872 89 1913 ιι
108 1851 265 1937 ἑξήκοντα
297 1862 380 1930 ναῦς
413 1850 618 1931 ἐξαπέστειλε
653 1853 736 1936 πρὸς
768 1855 931 1937 βοήθειαν
962 1864 1008 1942 τῷ
1041 1859 1129 1920 Πτο-

108 1962 241 2046 λεμαίῳ,
264 1961 434 2046 ναύαρχον
457 1958 634 2043 ἐπιστήσας
656 1961 850 2024 Μενοίτιον.
887 1959 1070 2043 γενομένου
1094 1957 1125 2025 δ’

109 2066 237 2149 ἀγῶνος
260 2067 336 2152 περὶ
359 2068 396 2132 τὸ
420 2069 524 2150 στόμα
546 2075 606 2132 τοῦ
631 2065 763 2148 λιμένος
786 2067 869 2150 πρὸς
886 2067 945 2143 τὰς
963 2064 1129 2152 ἐφορμού-

108 2191 168 2251 σας
195 2182 278 2252 ναῦς
305 2174 361 2239 καί
387 2184 455 2240 τών
478 2171 514 2239 ἐκ
541 2183 598 2258 τής
625 2175 752 2250 πόλεως
777 2172 988 2256 βιασαμένων
1011 2175 1046 2239 αλ
1067 2174 1129 2257 μὲν

107 2290 167 2347 τοῦ
186 2283 381 2367 Δημητρίου
401 2279 480 2346 δέκα
498 2289 581 2357 ναῦς
604 2277 733 2364 ἔφυγον
751 2281 835 2366 πρὸς
852 2282 890 2345 τὸ
909 2281 1008 2359 πεζὸν
1031 2297 1129 2367 στρα-

63 2406 89 2445 ιο
108 2389 260 2471 τόπεδον,
284 2388 317 2453 ολ
339 2387 377 2451 δὲ
399 2387 476 2472 περὶ
499 2388 558 2453 τὸν
576 2390 761 2454 Μενοίτιον
784 2387 1052 2465 ἀναπλεύσαντες
1073 2387 1129 2453 καί

108 2505 175 2558 τῶν
192 2504 319 2580 καιρῶν
337 2495 456 2579 μικρὸν
473 2492 714 2579 ὑστερήσαντες
737 2493 944 2579 ἀνέστρεψαν
962 2494 1063 2560 πάλιν
1081 2496 1129 2572 είς

107 2602 168 2684 τήν
191 2604 374 2682 Σαλαμῖνα.
420 2609 478 2684 τῆς
505 2600 543 2666 δὲ
569 2603 753 2686 ναυμαχίας
779 2609 934 2667 τοιοῦτον
956 2600 1049 2680 τέλος
1072 2608 1163 2668 λα-6

107 2707 233 2790 βούσης
261 2717 329 2772 τών
358 2707 419 2789 μὲν
448 2709 577 2792 πορίων
605 2708 673 2791 ήλω
703 2710 805 2773 πλείω
835 2718 902 2773 τῶν
932 2706 1061 2792 ἑκατόν,
1091 2707 1129 2774 ἐν

108 2806 159 2891 οἷς
194 2810 280 2898 ἦσαν
317 2815 437 2899 σχεδὸν
470 2824 665 2899 στρατιῶται
702 2814 950 2899 ὀκτακισχίλιοι·
987 2826 1054 2881 τῶν
1091 2814 1129 2880 δὲ

63 2939 89 2980 ει
107 2931 243 3006 μακρῶν
269 2921 450 3006 αὔτανδροι
477 2921 538 3004 μὲν
566 2918 765 3006 ἐλήφθησαν
791 2922 1052 3008 τεσσαράκοντα,
1080 2922 1128 2987 δι-

180 3079 195 3133 1
215 3076 363 3133 κατέλυσεν
376 3077 410 3132 X.
463 3079 482 3132 3
500 3079 685 3148 χειρώσεσθαι
698 3079 782 3132 Dind.
839 3080 854 3134 7
873 3079 990 3148 νικήσας
1008 3083 1042 3150 τῇ
1060 3099 1129 3133 ναο-

107 3149 556 3276 ίλίίίιίέίλὶλήλῖἱάἰῗὴν
575 3147 838 3284 ”Ἱῖμλχῗιῖιῖαῗξ
859 3221 889 3276 ε
901 3149 993 3292 ἶηῖῶέ
1010 3148 1127 3289 ’ἑῖζίωά

108 3293 143 3347 15
162 3294 197 3347 of.
216 3291 267 3345 XX
285 3298 328 3359 49,
344 3297 368 3346 3.
420 3289 584 3357 ἐξεπέστειλε
602 3290 628 3343 X
651 3289 791 3347 ἀπέστειλε
810 3293 840 3346 F.
895 3290 966 3361 πρὸς
983 3292 1034 3362 τήν
1052 3294 1078 3364 β.
1097 3293 1127 3346 F.

108 3363 143 3418 19
162 3364 196 3418 cf.
215 3362 266 3416 XX
285 3369 367 3430 50,1.
425 3372 489 3432 νήες
511 3364 546 3429 Ρς
570 3362 604 3417 cf.
625 3363 753 3418 Schmidt
771 3363 795 3416 J.
811 3364 829 3417 f.
845 3364 894 3417 Ph.
915 3362 1050 3433 s.XXp.
1066 3369 1127 3418 499.

107 3435 142 3489 21
156 3444 206 3490 τοῦ
220 3445 321 3503 καιροῦ
335 3436 365 3488 F.
411 3434 446 3488 22
459 3439 508 3503 τῆς
521 3434 572 3503 μὲν
586 3454 668 3503 ναυμ.
678 3444 806 3490 τοιοῦτον
819 3432 854 3488 τδ
866 3432 1148 3494 κώπη-,ποιου-

108 3525 157 3561 τον
176 3507 261 3560 etiam
275 3505 325 3560 RX
346 3506 390 3576 (of.
407 3505 525 3562 Οεδοεεε
539 3525 579 3564 m.
591 3505 742 3562 Gxfflm.
752 3507 876 3575 ρλθοη.
926 3501 975 3552 θῶ
990 3488 1178 3554 ww&

100 3576 137 3629 24
154 3586 322 3644 στρατιῶται
341 3577 445 3651 σχεδὸν
465 3581 499 3638 Ρ.
574 3581 616 3638 (ἐξ)
637 3579 850 3654 ἑβδομήκοντα
860 3557 1124 3646 Ἆρὀὣωλῆ»
