2460 3848
115 185 181 249 310
483 182 597 238 Diodor.
607 181 658 236 XX
673 187 715 237 95.
726 188 767 238 96.

115 329 297 411 τροβόλους
319 328 375 393 καί
393 331 471 404 τοὺς
490 326 658 410 ὀξυβελεῖς
676 332 861 412 παρήνεγκε
879 338 937 411 τῆς
955 327 1137 406 ἑλεπόλεως

79 436 163 510 3είς
199 432 340 518 ἑκάστην
376 434 498 518 στέγην
533 437 612 511 τοὺς
649 434 864 518 ἁρμόζοντας,
901 433 956 500 έπλ
988 435 1026 500 δὲ
1057 437 1137 512 τοὺς

115 540 248 622 λιμένας
275 542 331 606 καί
358 545 437 619 τοὺς
465 543 608 624 πλησίον
633 544 756 619 τόπους
778 541 948 607 άπέστειλε
971 542 1033 624 τὴν
1055 566 1137 606 ναυ-

114 648 209 731 τικην
228 649 383 732 δύναμιν,
407 649 490 731 πρὸς
508 648 546 712 δὲ
564 649 602 712 τὸ
622 650 740 713 λοιπὸν
758 659 865 734 τεῖχος
885 650 922 714 τὸ
947 648 1138 730 δυνάμενον

114 749 304 840 προσβολάς
327 752 488 831 δέξασθαι
514 756 551 819 τὸ
579 756 678 833 πεζὸν
701 756 926 841 στρατόπεδον
949 753 1138 821 ἐπιδιεῖλεν.
1172 778 1185 818 ι

79 879 95 926 4
115 858 226 926 ἔπειτα
254 862 291 926 δὲ
319 862 402 945 πρὸς
427 861 465 927 ἓν
488 860 740 947 παρακέλευσμα
763 863 818 927 καλ
841 872 979 945 σημελον
1001 861 1138 928 πάντων

115 965 414 1045 συναλαλαξάντων
437 969 650 1052 πανταχόθεν
668 977 707 1053 τῇ
727 970 821 1034 πόλει
840 970 1029 1054 προσβολάς
1048 968 1138 1035 έποι-

116 1084 192 1139 ελτο.
239 1075 445 1152 διασείοντος
479 1075 510 1140 δ’
534 1074 638 1139 αὐτοῦ
666 1084 735 1152 τοῖς
762 1085 868 1161 κριοῖς
896 1076 952 1140 καί
982 1086 1051 1153 τολς
1081 1098 1138 1142 πε,

114 1183 288 1265 τροβόλοις
314 1183 355 1247 τά
382 1184 472 1267 τείχη
495 1184 774 1266 παρεγενήθησαν
797 1183 949 1247 Κνιδίων
971 1181 1138 1268 πρέσβεις,

115 1285 284 1365 ἀξιοῦντες
317 1287 465 1374 ἐπισχεῖν
496 1290 552 1355 καί
583 1291 712 1354 πείσειν
744 1287 1022 1373 ἐπαγγελλόμενοι
1058 1291 1138 1366 τοὺς
1159 1313 1185 1352 1⁰

111 1393 258 1472 Ῥοδίους
285 1396 444 1479 δέχεσθαι
471 1396 511 1460 τά
539 1396 753 1461 δυνατώτατα
775 1406 843 1461 τῶν
866 1395 1139 1481 προσταγμάτων.

80 1502 252 1580 εάνέντος
284 1503 321 1568 δὲ
353 1513 413 1567 τοῦ
446 1502 607 1585 βασιλέως
640 1503 696 1568 καὶ
731 1513 800 1568 τῶν
830 1502 1003 1588 πρέσβεων
1036 1503 1138 1588 δεῦρο

115 1609 245 1674 κάκεῖσε
268 1611 375 1675 πολλά
394 1609 641 1694 διαλεχθέντων
659 1609 761 1694 πέρας
779 1610 820 1675 οὐ
840 1608 1037 1691 δυναμένων
1055 1625 1139 1690 συμ-

115 1726 268 1800 φωνῆσαι
290 1716 392 1780 πάλιν
415 1715 586 1800 ἐνηργεῖτο
609 1717 650 1781 τά
672 1726 730 1799 της
752 1718 953 1802 πολιορκίας.

186 1822 255 1887 Καὶ
268 1825 459 1906 Δημήτριος
481 1823 542 1905 μὲν
560 1823 718 1907 κατέβαλε
741 1824 801 1888 τὸν
825 1824 1047 1906 στερεώτατον
1069 1834 1139 1888 τῶν
1158 1845 1186 1885 ιι

115 1930 264 2015 πύργων,
307 1926 564 2017 ᾠκοδομημένον
600 1929 636 1995 ἐκ
678 1932 786 1995 λίθων
823 1929 1042 2013 τετραπέδων,
1083 1931 1141 1995 καί

115 2038 342 2123 μεσοπύργιον
371 2037 451 2103 ὅλον
479 2036 652 2119 διέσεισεν,
680 2037 763 2101 ὥστε
791 2038 834 2120 μὴ
863 2036 1033 2101 δύνασθαι
1060 2039 1141 2113 τοὺς

116 2143 152 2209 ἐν
184 2154 224 2230 τῇ
262 2146 356 2210 πόλει
393 2143 543 2230 πάροδον
576 2139 664 2227 ἔχειν
696 2142 751 2209 ἐπὶ
786 2144 844 2220 τδις
875 2141 1025 2220 ἐπάλξεις
1056 2144 1141 2208 κατά

62 2252 104 2316 96
115 2260 235 2316 τοῦτον
265 2252 325 2317 τὸν
354 2252 467 2316 τόπον.
513 2249 551 2315 έν
581 2250 619 2314 δὲ
645 2260 718 2327 ταῖς
745 2250 859 2327 αὐταῖς
886 2250 1023 2334 ἡμέραις
1050 2253 1140 2314 Πτο-

116 2365 248 2441 λεμαῖος
285 2358 303 2423 δ
340 2360 496 2441 βασιλεὺς
533 2355 703 2421 άπέστειλε
738 2367 808 2434 τοῖς
838 2355 975 2433 Ῥοδίοις
1010 2358 1140 2422 πλοίων
1159 2379 1187 2419 ιο

115 2472 246 2550 πλῆθος
264 2475 332 2530 τῶν
350 2465 412 2548 τὴν
430 2463 557 2547 άγορδιν
575 2465 787 2545 κομιζόντων,
810 2460 848 2527 έν
867 2453 917 2538 οίς
937 2459 1024 2546 ἦσαν
1043 2465 1139 2528 σίτου

80 2590 95 2636 2
116 2572 293 2656 τριάκοντα
311 2570 469 2655 μυριάδες
490 2570 645 2654 ἀρταβῶν
664 2573 728 2635 σὺν
747 2579 816 2646 τοῖς
840 2569 999 2655 ὀσπρίοις.
1036 2587 1140 2655 προσ-

115 2677 313 2764 φερομένων
334 2677 366 2742 δ’
379 2678 490 2743 αὐτῶν
513 2678 596 2761 πρὸς
618 2678 679 2761 την
697 2678 797 2742 πόλιν
816 2675 1006 2763 ἐπεχείρησε
1024 2681 1140 2761 Δημη-

113 2809 207 2872 τριος
226 2783 441 2850 άποστέλλειν
459 2785 569 2869 σκάφη
589 2786 629 2849 τά
646 2782 828 2861 κατάξοντα
850 2784 934 2868 πρὸς
954 2785 1015 2868 τὴν
1034 2784 1139 2850 αὐτοῦ

114 2893 383 2979 στρατοπεδείαν.
430 2899 539 2976 φοροῦ
567 2891 604 2956 δὲ
632 2891 818 2972 πνεύματος
846 2891 960 2967 αὐτοῖς
987 2888 1137 2974 ἐπιγενο-
1160 2914 1188 2954 ει

117 2999 219 3082 μένου
248 3009 351 3064 ταῦτα
378 2999 439 3082 μὲν
462 3001 601 3082 πλήρεσι
629 3008 698 3074 τοῖς
727 2999 843 3074 ίστίοις
871 2999 1039 3083 φερόμενα
1063 3021 1140 3062 κατ-

116 3108 244 3192 ηνέχθη
259 3108 343 3193 πρὸς
356 3108 434 3182 τοὺς
453 3107 596 3182 οἰκείους
611 3104 754 3188 λιμένας,
774 3105 806 3169 ολ
825 3101 856 3168 δ’
867 3104 933 3170 ὑπὸ
943 3105 1140 3189 Δημητρίου

188 3334 270 3389 θέκελ
290 3336 321 3390 δὲ
339 3333 388 3390 τὸν
407 3331 505 3403 λιμένα
523 3334 553 3387 F.
625 3334 643 3387 θ
663 3331 746 3398 πεζὸν
770 3350 824 3387 om.
843 3334 874 3400 F,
893 3335 945 3386 ast.
965 3335 1023 3386 not.
1043 3331 1141 3400 steph.

118 3408 133 3462 7
154 3406 418 3496 σνναλλαλαξάντων
437 3406 467 3458 F.
522 3405 607 3458 θκαλ
626 3404 750 3459 Κνιδίων
769 3405 799 3457 F.
854 3404 889 3458 ll
907 3401 1140 3492 προσταγμάτων]

114 3497 269 3604 έδαλλῗῖέ
271 3479 425 3603 ”DiFfisfffl‘
439 3483 475 3602 δι
485 3476 834 3618 ἳεριμῖῗιῖαλέιῗιμῖλα
852 3475 897 3600 132
900 3476 1006 3616 (έέὲῗβ
1000 3473 1141 3616 {23¹³}
