2460 3848
439 213 480 269 01.
492 219 590 281 μου
611 219 663 268 τοι
677 229 702 266 ι.
714 211 775 268 chr.
1049 215 1112 280 291

100 359 345 444 συνηκολούθει
363 369 431 424 τῶν
448 368 519 435 ταῖς
538 358 674 444 ἀγοραῖς
691 357 870 443 χρωμένων
886 361 993 443 βραχὺ
1008 359 1116 422 λειπό-

99 491 182 550 μενα
199 475 267 532 τῶν
284 468 412 551 χιλίων·
436 468 542 530 πολλδι
559 467 624 549 γδιρ
642 462 697 549 έτη
716 474 773 548 της
791 465 898 549 χώρας
915 475 974 549 της
982 461 1117 530 Ῥοδίων

100 574 295 660 ἀπορθήτου
324 572 543 657 γεγενημένης
570 571 724 657 συνέρρει
750 574 963 656 πανταχόθεν
987 577 1117 655 πλῆθος

100 693 167 746 τῶν
191 682 362 747 εἰωθότων
384 680 545 763 ὠφελείας
573 679 660 756 ἰδίας
687 679 843 762 ἡγεῖσθαι
868 680 910 744 τά
931 689 999 744 τῶν
1020 684 1117 745 πολε-

70 787 276 872 ιμουμένων
305 786 501 871 ἀτυχήματα.
555 786 573 852 δ
603 785 665 869 μέν
694 778 758 850 οὖν
786 788 976 871 Δημήτριος
1007 785 1117 871 ὥσπερ
1127 787 1169 851 83

101 895 148 972 είς
171 918 246 960 τινα
268 895 456 978 ναυμαχίαν
473 890 607 970 ἐκτάξας
630 894 689 958 τὸν
713 893 833 958 στόλον
853 898 1118 977 καταπληκτικῶς

100 1007 323 1086 προηγεῖσθαι
351 999 413 1082 μέν
442 998 575 1085 ἐποίησε
604 1000 663 1076 τὰς
693 1001 820 1085 μακρδις
850 1009 948 1084 ναῦς,
979 997 1119 1084 ἐχούσας

21 1172 23 1177 .
101 1107 155 1174 ἐπὶ
184 1117 257 1185 ταῖς
285 1107 444 1195 πρῴραις
460 1108 539 1184 τοὺς
567 1106 812 1192 τρισπιθάμους
840 1117 908 1172 τῶν
940 1104 1118 1191 ὀξυβελῶν,

101 1214 344 1281 ἐπακολουθεῖν
373 1213 411 1279 δὲ
439 1215 497 1291 τδις
527 1214 759 1300 στρατιωτικάς
786 1212 841 1278 καί
870 1215 927 1290 τδις
956 1215 1119 1298 ἱππηγοὺς

57 1342 83 1384 ιο
102 1321 393 1409 ῥυμουλκουμένας
429 1320 495 1386 ὑπὸ
531 1329 599 1384 τῶν
630 1329 702 1397 ταῖς
738 1320 894 1405 εἰρεσίαις
929 1320 1118 1407 χρωμένων,

101 1427 156 1494 έπί
182 1437 263 1494 πᾶσι
290 1427 328 1493 δὲ
354 1428 410 1494 καλ
436 1429 476 1492 τδι
502 1438 571 1493 τῶν
592 1437 758 1511 πειρατῶν
780 1428 881 1509 πόρια
908 1427 963 1492 καί
989 1429 1030 1493 τδι
1051 1437 1119 1493 τῶν

101 1535 255 1621 ἐμπόρων
277 1535 333 1600 καί
355 1534 533 1620 ἀγοραίων,
556 1533 766 1619 ὑπεράγοντα
789 1545 834 1620 τῷ
858 1537 996 1618 πλήθει,
1014 1534 1119 1599 καθά-

100 1664 163 1728 περ
195 1644 401 1728 προείρηται,
433 1641 517 1706 ὥστε
548 1640 656 1706 πάντα
688 1642 749 1707 τὸν
781 1640 844 1706 ἀνά
880 1638 982 1723 μέσον
1014 1642 1119 1706 τόπον

101 1761 158 1834 της
193 1772 229 1814 τε
261 1752 366 1833 νήσου
398 1749 454 1813 καί
489 1758 547 1832 τῆς
583 1747 808 1833 ἀντικειμένης
843 1749 1006 1833 παραλίας
1038 1764 1119 1830 συμ-

59 1877 83 1918 ιε
101 1855 360 1940 πεπληρωμένον
377 1858 560 1939 φαίνεσθαι
577 1863 646 1933 τοῖς
665 1856 794 1932 πλοίοις
811 1855 866 1920 καί
884 1858 993 1920 πολὺν
1009 1857 1119 1940 φόβον

102 1963 157 2027 καί
179 1959 381 2046 κατάπληξιν
404 1961 608 2048 παρέχεσθαι
630 1971 700 2039 τοῖς
722 1961 787 2026 ἀπὸ
810 1971 868 2045 της
889 1964 1015 2039 πόλεως
1033 1969 1119 2028 θεω-

103 2077 229 2154 ροῦσιν.
263 2068 295 2133 οἱ
310 2067 372 2151 μέν
387 2071 451 2154 γὰρ
469 2080 664 2155 στρατιῶται
681 2079 748 2134 τῶν
763 2066 898 2134 Ῥοδίων
914 2068 1119 2153 διειληφότες
1138 2089 1153 2134 2

102 2176 142 2238 τδι
174 2175 265 2258 τείχη
300 2177 360 2239 τὸν
391 2173 554 2241 ἐπίπλουν
586 2173 813 2261 ἐκαραδόκουν
843 2185 911 2240 τῶν
942 2177 1119 2259 πολεμίων,

102 2283 284 2362 πρεσβῦται
313 2280 350 2345 δέ
376 2282 431 2346 καί
453 2292 609 2365 γυναῖκες
631 2280 696 2348 ἀπὸ
719 2293 787 2348 τῶν
810 2284 924 2348 οἰκιῶν
947 2280 1119 2368 ἀφεώρων,

59 2410 85 2449 ιο
103 2387 205 2470 οὔσης
240 2393 299 2472 τής
333 2389 459 2466 πόλεως
494 2389 745 2474 θεατροειδοῦς,
781 2389 902 2466 πάντες
937 2374 979 2454 δέ
1010 2391 1048 2455 τό
1085 2413 1120 2455 τε

102 2492 244 2576 μέγεθος
270 2503 330 2559 τοῦ
359 2497 479 2560 στόλου
506 2496 561 2561 καί
588 2497 650 2580 τήν
673 2496 782 2580 αὐγήν
808 2505 875 2560 τῶν
902 2495 1119 2579 ἀποστιλβόν-

102 2624 170 2665 των
188 2600 301 2666 όπλων
318 2604 619 2685 καταπληττόμενοι
637 2603 714 2688 περὶ
731 2613 799 2668 τῶν
816 2603 904 2669 ὅλων
922 2604 963 2669 οὐ
982 2605 1120 2689 μετρίως

102 2709 265 2791 ἠγωνίων.
311 2702 414 2774 είθ’ὁ
441 2708 502 2790 μὲν
525 2711 715 2793 Δημήτριος
741 2709 962 2775 κατέπλευσεν
985 2712 1031 2788 είς
1059 2712 1154 2794 τήν3

103 2822 220 2899 νήσου,
239 2814 444 2898 ἀποβιβάσας
463 2815 500 2880 δέ
518 2818 580 2901 τήν
598 2815 742 2897 δύναμιν
760 2816 1120 2902 κατεστρατοπέδευσεν

60 2944 85 2984 ιτ
103 2923 246 3006 πλησίον
275 2928 334 3006 τῆς
364 2923 505 3005 πόλεως,
537 2920 630 2999 έκτὸς
660 2921 780 3004 βέλους
811 2924 1031 3007 ποιησάμενος
1058 2926 1120 3009 τήν

104 3032 325 3113 παρεμβολήν.
371 3028 477 3106 εὐθὺς
501 3028 539 3094 δὲ
561 3040 628 3094 τῶν
650 3040 816 3113 πειρατῶν
838 3030 894 3094 καλ
920 3039 988 3094 τῶν
1010 3031 1120 3095 ἀλλων

103 3139 182 3214 τοὺς
210 3135 371 3213 εὐθέτους
398 3134 556 3218 ἐξέπεμψε
583 3140 818 3223 πορθήσοντας
844 3137 906 3220 τήν
933 3142 1039 3220 νήσου
1065 3137 1120 3202 καί

175 3294 191 3348 1
211 3293 398 3362 ἐπηκολούθει
415 3292 445 3348 1⁴¹.
501 3293 519 3348 4
535 3291 759 3366 πολεμουμένων]
778 3290 916 3363 πολεμίων
935 3293 964 3349 F.
1020 3294 1037 3349 8
1059 3303 1121 3358 ταῖς

105 3379 157 3418 om.
172 3363 205 3418 X.
278 3364 312 3419 11
331 3365 380 3418 καί
399 3381 452 3418 om.
470 3364 502 3420 X.
543 3373 645 3431 πορεῖα
663 3365 692 3419 F.
736 3365 785 3419 καὶ
802 3365 838 3419 τὰ
855 3373 911 3420 τῶν
929 3363 1072 3435 ἀγοραίων
1088 3365 1120 3420 F.

104 3434 139 3488 12
157 3433 328 3506 ὑπερέχοντα
345 3436 375 3489 F.
448 3436 484 3490 19
506 3437 657 3507 πρεσβόται
675 3437 704 3490 F.
777 3436 813 3490 20
837 3435 987 3502 δλμχυοὰ
995 3436 1141 3484 'mmm

105 3509 148 3560 est
168 3509 237 3628 βοαί
262 3506 357 3577 οάσης,
382 3509 449 3578 μυεῖ
469 3506 575 3574 πάντες
596 3508 699 3580 ροεοὶλ
716 3507 814 3562 XM.
883 3505 929 3556 Ἃ
946 3495 1165 3557 ἀποτετμήσετ-

113 3595 154 3629 ων
193 3619 199 3632 .
273 3578 310 3634 26
327 3581 420 3646 εὐθὺς
438 3591 497 3640 τῶν
517 3604 546 3640 τε
567 3591 718 3655 πειρατῶν
734 3581 760 3634 λδ
780 3579 846 3635 h.

977 3664 1038 3719 W
