2460 3848
124 209 186 273 178
246 223 247 226 ι
506 202 756 258 οεοεοεωελε.

121 352 194 433 νόν,
218 350 322 432 ὅπως,
346 349 426 415 ὅταν
446 349 556 414 ἵππων
574 349 748 438 κυριεύσῃ,
771 351 850 425 τοὺς
871 347 1145 432 ἀναβησομένους

86 475 101 522 2
122 455 273 539 ἑτοίμους
292 453 390 541 ἔχειν,
412 458 453 521 τά
471 457 554 540 πρὸς
571 456 632 539 την
650 457 765 541 χρείαν
784 453 1036 539 ἐξηρτυμένους·
1060 458 1144 520 κατά

121 565 185 650 γάρ
204 564 265 647 την
284 562 573 649 προγεγενημένην
590 557 693 645 ἧτταν
710 572 778 627 τῶν
796 562 858 644 μὲν
876 564 982 639 πεζῶν
1006 561 1145 627 ἀπωλώ-

122 676 236 761 λεισαν
255 670 287 734 oz
309 671 460 764 πλείους,
484 657 516 735 οἱ
539 667 569 732 δ’
585 669 694 745 ἱππεῖς
711 667 863 754 ὑπῆρχον
882 667 1145 751 διασεσωσμένοι

122 778 242 861 σχεδὸν
275 776 431 859 ἀπαντες,
463 769 511 840 ὧν
543 778 623 852 τοὺς
652 775 774 853 ἵππους
804 774 865 840 οὐκ
894 774 1040 858 ἠδύνατο
1071 776 1145 840 δια·
1178 796 1190 835 ε

86 885 266 965 3κομίζειν
294 883 342 959 είς
368 883 429 966 τὴν
452 881 593 966 Λιβύην.
640 883 696 947 ἵνα
722 881 761 947 δέ
784 880 1010 968 χωρισθέντος
1037 881 1144 947 αὐτοῦ

121 991 164 1074 μὴ
193 991 430 1075 νεωτερίζωσιν
458 990 490 1054 οἱ
513 991 733 1075 Συρακόσιοι,
761 989 950 1071 διεζεύγνυε
977 989 1035 1065 τάς
1062 1003 1145 1072 συγ-

121 1097 251 1180 γενείας
278 1093 334 1160 ἀπ’
353 1095 505 1180 ἀλλήλων
532 1095 587 1160 καί
615 1094 756 1177 μάλιστα
779 1094 946 1180 ἀδελφοὺς
974 1090 1029 1159 ἀπ’
1047 1093 1145 1160 ἀδελ-

122 1212 197 1287 φῶν
220 1202 276 1267 καὶ
298 1203 441 1287 πατέρας
464 1202 528 1268 ἀπὸ
556 1203 696 1286 παίδων,
724 1204 803 1278 τοὺς
829 1202 890 1285 μὲν
918 1199 971 1266 ἐπὶ
999 1199 1056 1285 τῆς
1083 1203 1145 1266 πό-

121 1313 204 1386 λεως
240 1307 440 1393 ἀπολείπων,
477 1311 556 1386 τοὺς
591 1308 629 1374 δὲ
664 1306 742 1392 μεθ’
774 1307 894 1374 ἑαυτοῦ
931 1309 1143 1390 διακομίζων·
1163 1330 1191 1370 ιο

86 1416 292 1500 4πρόδηλον
319 1417 383 1502 γάρ
410 1412 454 1499 ἦν
481 1415 525 1492 ῶς
553 1416 585 1481 ol
611 1415 768 1498 μένοντες
793 1414 830 1481 ἐν
852 1413 933 1492 ταῖς
946 1414 1145 1500 Συρακούσ-

122 1538 210 1606 σαις,
233 1521 296 1587 κάν
315 1522 558 1605 ἀλλοτριώτατα
578 1522 767 1607 τυγχάνωσι
789 1523 873 1606 πρὸς
895 1523 955 1587 τὸν
973 1521 1145 1605 δυνάστην

122 1630 387 1712 <διακείμενοι>,
414 1629 470 1693 διά
498 1629 559 1712 την
586 1631 670 1715 πρὸς
694 1631 773 1707 τοὺς
796 1629 984 1713 ἀπογόνους
1007 1629 1145 1694 εύνοιαν

86 1734 223 1800 εοάδέν
251 1734 293 1800 ἀν
321 1733 479 1821 πράξειαν
508 1736 633 1800 ἀτοπον
660 1738 742 1801 κατά
765 1732 1016 1819 Ἀγαθοκλέους.
1062 1734 1145 1800 ἀπο-

123 1841 285 1925 ρούμενος
307 1841 346 1907 δὲ
367 1841 542 1928 χρημάτων
566 1842 605 1907 τά
627 1865 663 1907 τε
685 1854 753 1908 τῶν
777 1842 937 1927 ὀρφανῶν
960 1843 1049 1927 παρὰ
1075 1852 1145 1906 τῶν
1163 1862 1190 1903 ιε

122 1946 411 2034 ἐπιτροπευόντων
447 1947 671 2036 εἰσεπράξατο,
713 1949 851 2032 φάσκων
887 1950 973 2013 πολὺ
1010 1946 1144 2030 βέλτιον

66 2039 69 2047 ’
123 2052 259 2121 ἐκείνων
283 2054 535 2140 ἐπιτροπεύσειν
556 2057 612 2122 καὶ
635 2066 705 2133 τοῖς
727 2055 843 2120 παισὶν
866 2056 913 2131 είς
937 2055 1068 2139 ἡλικίαν
1091 2053 1145 2120 ἐλ-

121 2169 225 2228 θοῦσι
248 2165 443 2249 πιστότερον
466 2160 665 2246 ἀποδώσειν,
693 2160 885 2227 ἐδανείσατο
913 2161 951 2226 δὲ
976 2162 1031 2227 καὶ
1053 2163 1145 2246 παρά

121 2279 189 2334 τῶν
217 2268 371 2353 ἐμπόρων
398 2271 455 2334 καί
480 2291 555 2334 τινα
582 2280 649 2334 τῶν
680 2267 717 2334 ἐν
744 2278 814 2346 τοῖς
844 2269 944 2354 ἱεροῖς
971 2268 1145 2353 ἀναθημά-

122 2399 189 2440 των
218 2373 336 2458 έλαβεν
358 2375 414 2440 καὶ
441 2385 508 2439 τῶν
529 2386 699 2458 γυναικῶν
722 2376 782 2440 τὸν
803 2377 930 2457 κόσμον
952 2376 1144 2460 περιείλετο.
1163 2395 1191 2435 εο

50 2492 52 2497 ’
88 2478 232 2547 σέπενθ’
256 2481 346 2566 δρῶν
376 2481 459 2565 [καί]
489 2492 557 2546 τῶν
589 2482 828 2568 εὐπορωτάτων
857 2484 935 2559 τοὺς
968 2467 1145 2559 πλείστους

123 2588 403 2672 δυσχεραίνοντας
425 2597 495 2665 τολς
517 2589 754 2672 πραττομένοις
777 2589 831 2654 καί
855 2590 938 2672 πρὸς
961 2588 1064 2653 αὐτὸν
1087 2587 1145 2653 ἀλ-

123 2695 323 2779 λοτριώτατα
355 2694 583 2778 διακειμένους
613 2699 802 2780 συνήγαγεν
835 2694 1022 2779 ἐκκλησίαν,
1055 2693 1092 2760 ἐν
1122 2687 1145 2784 ᾗ

123 2803 201 2887 περί
221 2823 256 2865 τε
279 2809 336 2884 τῆς
358 2802 644 2888 προγεγενημένης
667 2811 843 2888 συμφορᾶς
868 2802 924 2867 καί
952 2812 1018 2866 τῶν
1041 2819 1145 2886 προσ-

123 2906 321 2990 δοκωμένων
352 2909 473 2974 δεινῶν
499 2910 765 2993 κατοδυρόμενος
795 2909 896 2986 αὐτὸς
926 2910 987 2991 μὲν
1021 2910 1146 2997 ῥαδίως
1164 2929 1192 2970 ει

122 3014 302 3097 ὑπομένειν
334 3012 437 3100 ἔφησε
468 3016 530 3099 την
561 3017 767 3102 πολιορκίαν,
800 3019 952 3100 συνήθης
979 3017 1027 3081 διν
1054 3015 1144 3106 πάση

123 3124 344 3210 κακοπαθείᾳ,
368 3120 472 3187 ἐλεεῖν
491 3122 528 3187 δέ
547 3126 625 3200 τοὺς
643 3125 793 3206 πολίτας,
818 3124 847 3188 εί
868 3120 1145 3206 συγκλεισθέντες

195 3278 212 3331 2
244 3276 443 3349 ἐξηρτημένους
473 3279 503 3333 F.
594 3279 612 3333 5
643 3280 784 3349 ἠδύναντο
816 3279 894 3346 libn'3
933 3296 1001 3333 corr.
1030 3278 1143 3336 Reiske.

125 3349 159 3403 12
185 3349 387 3440 ἀλλοτριώτατα
410 3349 468 3405 RX.
541 3350 576 3405 13
600 3349 814 3476 (διακείμενοιῖ
839 3351 903 3440 αδδ.
924 3367 958 3405 ex
978 3349 1144 3418 §6Dind.;

122 3421 336 3488 ἀλλοτριωτάτοι
354 3423 383 3477 F.
422 3419 492 3490 πρὸς
510 3419 669 3492 ἀπογόνους
685 3422 719 3476 X.
769 3424 785 3477 1
823 3424 958 3490 πραξαιεν
977 3422 1006 3476 F.
1057 3421 1093 3476 19
1113 3421 1145 3477 ἐν

108 3505 163 3543 om.
180 3491 212 3543 F.
289 3493 329 3548 20
346 3491 507 3564 περιείλατο
526 3494 556 3550 F.
629 3493 665 3548 21
696 3493 760 3566 ml}
775 3493 925 3548 delendum
944 3509 1004 3548 esse
1023 3492 1145 3550 videtur.

90 3557 134 3609 26'
149 3558 265 3630 ἔφησεν
283 3565 444 3639 ἀπομένειν
462 3569 500 3640 F3
521 3564 676 3640 δπομένειν
718 3564 762 3633 Kx,
779 3567 927 3634 οπομενεῖυ
941 3562 1103 3616 mm.
