2460 3848
434 181 587 247 θίασοι
609 179 774 234 εοεασεε.
913 256 915 260 ‚
1046 183 1111 248 335

40 325 223 410 488συνέβη
248 326 456 410 διασωθῆναι
479 327 563 411 πρὸς
585 326 647 409 τήν
666 323 876 410 Ἡράκλειαν,
894 326 956 409 τήν
977 325 1014 390 δέ
1037 326 1113 390 δευ-

94 432 193 518 τέραν
215 432 282 498 ὑπὸ
305 443 372 498 τῶν
391 433 467 518 περὶ
489 434 527 498 τὸ
551 434 655 515 στόμα
677 441 738 497 τοῦ
757 434 893 498 Πόντου
918 433 1113 517 φυλακίδων

94 550 181 606 νεῶν
209 539 342 605 ἁλῶναι.
388 541 471 605 κατά
498 540 560 623 τὴν
582 541 698 624 τρίτην
721 539 759 604 δὲ
786 540 890 604 αὐτοῦ
919 539 1113 621 συνδιαβαί-

93 669 212 738 νοντος
234 655 295 712 τοῦ
315 646 545 731 Πλειστάρχου
568 646 691 731 χειμὼν
711 644 897 731 ἐπεγενήθη
921 651 1113 730 τηλικοῦτος

63 753 177 819 σῶστε
217 755 257 818 τά
298 757 435 818 πλείστα
475 764 543 818 τῶν
580 763 718 838 σκαφῶν
754 754 809 818 καί
850 764 917 818 τῶν
954 753 1113 834 σωμάτων

94 861 336 944 διαφθαρῆναι·
367 859 422 925 καὶ
452 861 515 944 γάρ
544 861 565 944 ἡ
595 863 774 942 κομίζουσα
800 868 884 935 ναῦς
911 857 1028 944 ἑξήρης
1054 861 1148 925 τὸν4

70 992 72 999 ·
94 968 279 1052 στρατηγὸν
298 965 511 1051 συνεκλύσθη
535 966 590 1032 καὶ
613 978 680 1032 τῶν
699 967 736 1033 ἐν
755 968 838 1054 αὐτῆ
861 968 1031 1032 πλεόντων
1053 966 1114 1032 οὐκ

94 1073 279 1140 ἐλαττόνων
306 1074 327 1157 ἡ
355 1075 582 1139 πεντακοσίων
609 1084 698 1158 τρεῖς
726 1077 810 1160 πρὸς
838 1085 909 1151 τοῖς
937 1074 1114 1159 τριάκοντα

94 1183 199 1263 μόνον
231 1180 452 1264 διεσώθησαν.
503 1178 541 1244 ἐν
573 1179 610 1244 δὲ
642 1181 771 1258 τούτοις
803 1178 846 1265 ήν
876 1183 932 1247 καί
965 1181 982 1246 ὁ
1013 1183 1114 1246 Πλεί-

50 1313 76 1351 ιο
94 1303 249 1372 σταρχος,
276 1290 440 1370 ναυαγίου
468 1285 529 1368 μὲν
553 1284 800 1371 ἐπειλημμένος,
830 1288 876 1364 είς
904 1287 942 1352 δέ
966 1289 1027 1371 τήν
1050 1299 1114 1372 γῆν

93 1395 261 1478 ἡμιθανὴς
283 1392 553 1477 ἐκβεβρασμένος.
592 1388 689 1470 οὗτος
711 1394 772 1476 μὲν
791 1387 854 1459 οὖν
877 1392 1115 1475 ἀποκομισθεὶς

94 1501 142 1576 είς
165 1498 365 1585 Ἡράκλειαν
391 1500 447 1565 καί
473 1502 738 1585 προσαναλαβὼν
765 1500 802 1566 ἐκ
828 1510 885 1584 τῆς
914 1497 1050 1584 ἀτυχίας
1076 1502 1114 1566 τὸ

95 1617 188 1689 σῶμα
223 1608 306 1691 πρὸς
337 1608 533 1691 Λυσίμαχον
566 1609 613 1683 είς
648 1608 710 1691 τὴν
746 1609 921 1692 χειμασίαν
953 1605 1114 1690 ἀνέζευξε,

95 1714 329 1798 ἀποβεβληκὼς
350 1715 388 1778 τὸ
410 1718 527 1779 πλεῖον
549 1723 606 1798 τῆς
629 1714 808 1796 δυνάμεως.

51 1844 76 1884 ω
163 1821 220 1886 Ἐν
243 1821 281 1886 δέ
307 1831 379 1898 ταῖς
407 1819 522 1898 αύταίς
548 1819 684 1905 ἡμέραις
705 1822 761 1886 καί
785 1826 992 1904 Πτολεμαῖος
1014 1821 1032 1886 δ
1056 1825 1115 1905 βα·
1131 1820 1194 1884 113

95 1931 207 2005 σιλεὺς
221 1925 397 2005 ἀναζεύξας
414 1926 446 2006 ἐξ
461 1928 635 2012 Αἰγύπτου
652 1929 732 2009 μετά
749 1928 929 2011 δυνάμεως1
939 1925 1114 2011 ἀξιολόγου

94 2036 152 2111 τάς
170 2034 231 2115 μὲν
250 2032 287 2098 ἐν
305 2043 345 2119 τῆ
365 2037 473 2124 Κοίλη
491 2038 603 2122 Συρίη
621 2036 733 2112 πόλεις
753 2035 881 2112 ἁπάσας
903 2035 1115 2119 ὑποχειρίους

95 2139 282 2224 ἐποιήσατο·
307 2140 445 2206 Σιδῶνα
464 2141 501 2206 δέ
518 2147 778 2226 πολιορκοῦντος
797 2140 900 2206 αὐτοῦ
924 2165 1012 2219 τινες
1034 2164 1116 2225 παρ-

94 2257 180 2332 ῆσαν
199 2246 461 2331 ἀπαγγέλλοντες
479 2248 610 2326 ψευδῶς
632 2248 683 2313 ὅτι
705 2245 913 2332 παρατάξεως
936 2246 1116 2332 γενομένης

51 2378 77 2415 ιο
94 2365 164 2430 τοῖς
191 2357 386 2436 βασιλεῦσιν
410 2355 443 2420 ολ
467 2354 528 2436 μὲν
550 2356 627 2440 περί
649 2356 845 2439 Λυσίμαχον
867 2356 923 2420 καί
945 2353 1116 2420 Σέλευκον

94 2460 293 2545 ἡττηθέντες
316 2457 607 2546 ἀποκεχωρήκασιν
631 2463 678 2538 είς
700 2462 762 2545 τὴν
781 2460 990 2546 Ἡράκλειαν,
1012 2461 1116 2526 Ἀντί-

95 2558 247 2651 γονοςδέ
260 2569 440 2651 νενικηκὼς
458 2569 617 2653 προσάγει
631 2570 710 2651 μετά
725 2568 897 2651 δυνάμεως
910 2567 964 2634 ἐπὶ
978 2571 1115 2653 Συρίας.

94 2674 355 2759 παραλογισθεὶς
374 2668 437 2739 οὖν
455 2674 521 2740 ὑπὸ
540 2676 668 2741 τούτων
683 2676 739 2740 καί
757 2675 907 2753 πεισθεὶς
926 2675 1035 2759 ἀληθῆ
1054 2677 1116 2760 τὴν
1135 2692 1149 2738 2

95 2784 340 2865 ’προσαγγελίαν
377 2775 477 2865 εἶναι,
514 2783 596 2866 πρὸς
632 2782 693 2864 μέν
729 2784 808 2858 τοὺς
843 2783 1033 2858 Σιδωνίους
1069 2784 1116 2860 είς

52 2909 77 2949 ετ
95 2886 250 2972 τέτταρας
273 2898 378 2973 μῆνας
402 2889 524 2972 ἀνοχάς
546 2887 737 2972 ἐποιήσατο,
758 2891 817 2966 τάς
840 2889 877 2954 δέ
899 2891 1117 2973 χειρωθείσας

95 2996 207 3071 πόλεις
240 3005 404 3080 φρουραῖς
437 2993 705 3080 ἀσφαλισάμενος
738 2995 907 3081 ἐπανῆλθε
943 2997 1023 3077 μετά
1059 3005 1117 3083 τῆς

97 3102 268 3183 δυνάμεως
291 3103 338 3179 είς
356 3102 539 3186 Α’ίγυπτον.
581 3103 646 3185 ἀμα
668 3104 705 3168 δέ
727 3104 858 3179 τούτοις
880 3102 1117 3187 πραττομένοις
1135 3119 1150 3166 3

98 3210 130 3274 οἱ
161 3218 228 3274 τῶν
260 3209 348 3293 παρά
377 3209 557 3296 Λυσιμάχῳ
590 3220 799 3295 στρατιωτῶν
831 3210 1116 3294 αὐτομολήσαντες

116 3432 124 3454 x
167 3366 186 3420 3
211 3365 296 3455 ιιατδιἱ
309 3365 339 3418 δὲ
364 3365 415 3435 τῆν
440 3364 536 3435 τρίτην
559 3368 645 3422 αύτοῆ
668 3368 698 3421 F.
782 3367 800 3421 6
825 3367 842 3437 ἡ
868 3365 1019 3437 κομίζουσα
1046 3377 1116 3460 ναής

96 3435 525 3579 λλλῗθλλλάἕλλλῗέκς
539 3439 934 3581 ἀλιάῖλλάιλλλάλ
981 3439 1116 3581 ἀλλά

96 3573 236 3646 μέλλοντες
260 3580 291 3647 F,
317 3596 385 3633 corr.
412 3586 436 3634 2.
459 3599 495 3635 m.
575 3581 610 3635 22
634 3581 753 3651 προάγει
777 3582 807 3635 F.
885 3581 920 3636 25
946 3582 1055 3648 ἀνοχὰς
1077 3583 1125 3636 εἰς

96 3644 228 3716 τέτταρας
246 3659 336 3721 μῆνας
353 3652 383 3706 F.
457 3653 492 3708 28
510 3653 589 3722 παρὰ
608 3653 773 3725 Λυσιμάχου
786 3652 831 3706 K.
