2460 3848
461 193 614 262 01.11s‚2=
634 199 686 249 30⁷
702 210 727 248 a.
738 193 800 249 chr.
1075 198 1139 263 267

187 340 392 431 Ἀγαθοκλῆς
424 338 462 405 δὲ
493 338 530 406 ἐν
561 339 697 425 ἡμέραις
730 339 857 424 ὀλίγαις
888 341 944 406 καλ
975 343 1054 427 πεζῇ
1086 341 1141 406 καὶ
1151 341 1193 406 63

120 449 202 513 κατὰ
233 447 403 515 θάλατταν
433 447 614 537 νενικηκὼς
642 449 721 524 τοὺς
750 449 929 529 πολεμίους
959 443 1042 513 ἔθυε
1071 456 1141 525 τολς

119 561 214 631 θεολς
249 554 305 622 καλ
340 556 491 639 λαμπρὰς
531 552 716 638 ὑποδοχὰς
739 563 807 619 τῶν
843 556 953 639 φίλων
989 552 1140 619 έποιελτο.

120 661 296 727 ἀπετίθετο
321 661 354 725 δ’
370 659 408 726 ἐν
429 670 500 738 τοῖς
522 662 636 738 πότοις
659 661 696 725 τὸ
719 670 777 745 τῶς
798 661 998 747 τυραννίδος
1017 659 1141 743 ἀξίωμα

90 768 175 833 ικαλ
203 778 271 833 τῶν
300 769 471 852 τυχόντων
502 768 643 832 ἰδιωτῶν
670 770 906 854 ταπεινότερον
932 767 1053 834 ἑαυτὸν
1081 768 1141 833 ἀπ-

121 875 302 958 εόείκνυεν,
329 875 395 957 ἀμα
421 875 483 957 μὲν
506 875 562 939 διὰ
584 883 642 958 της
664 874 818 960 τοιαύτης
841 877 1008 952 πολιτείας
1030 876 1141 959 θηρῶ-

119 1005 219 1064 μενος
245 982 307 1066 την
330 983 418 1066 παρὰ
445 991 513 1047 τῶν
536 986 670 1052 πολλῶν
693 982 841 1065 εὔνοιαν,
868 982 935 1064 ἅμα
961 982 999 1047 δὲ
1026 981 1142 1058 διδοὺς

120 1086 158 1153 ἐν
187 1097 226 1173 τῇ
256 1087 344 1178 μέθη
373 1084 451 1154 καθ’
474 1088 578 1153 αὑτοῦ
604 1089 793 1172 παρρησίαν
821 1089 965 1176 ἀκριβῶς
993 1090 1141 1154 κατενόει

120 1196 181 1280 την
204 1193 343 1261 έκοίστου
367 1195 531 1278 διάνοιαν,
554 1205 612 1280 τῆς
635 1195 795 1279 ἀληθείας
817 1193 1041 1281 ἐκφερομένης
1059 1195 1142 1260 ἀπα-

75 1322 102 1362 ιο
121 1303 336 1387 ρακαλύπτως
365 1303 421 1369 διὰ
449 1303 509 1367 τὸν
541 1297 644 1368 οίνον.
697 1302 857 1388 ὑπάρχων
888 1301 926 1367 δὲ
955 1302 1011 1368 καλ
1040 1302 1184 1387 φύσειε·

120 1411 338 1493 γελωτοποιὸς
356 1409 412 1474 καλ
429 1419 527 1491 μῖμος
543 1406 618 1474 οὐδ’
632 1408 669 1480 ἐν
687 1418 759 1487 ταλς
779 1407 966 1493 ἐκκλησίαις
990 1408 1140 1496 ἀπείχετο
1187 1443 1190 1448 ·

119 1526 179 1582 τοῦ
210 1517 372 1582 σκώπτειν
401 1519 481 1593 τοὺς
510 1515 722 1600 καθημένους
751 1517 810 1582 καί
835 1539 929 1593 τινας
956 1515 1068 1580 αὐτῶν
1095 1517 1140 1580 εί-

119 1623 238 1711 κοίζειν,
265 1623 349 1688 ὥστε
377 1624 414 1687 τὸ
438 1627 568 1707 πλῆθος
590 1622 749 1700 πολλάκις
772 1625 819 1701 είς
840 1622 968 1707 γέλωτα
990 1621 1140 1706 ἐκτρέπε-

119 1737 216 1814 σθαι,
246 1729 398 1814 καθάπερ
428 1731 503 1794 τινὰ
530 1740 598 1795 τῶν
624 1730 804 1814 ἠθολόγων
831 1730 851 1815 ἣ
879 1736 1140 1813 θαυματοποιῶν

75 1858 100 1898 ιε
117 1844 340 1923 θεωροῦντας.
377 1837 674 1922 δορυφορούμενος
692 1838 730 1902 δὲ
747 1837 814 1902 ὑπὸ
836 1840 990 1921 πλήθους
1013 1838 1061 1914 είς
1082 1838 1140 1914 τὰς

119 1942 292 2028 ἐκκλησίας
319 1941 423 2033 εἰσῄει
445 1946 560 2028 μόνος,
591 1944 652 2028 οὐχ
676 1944 797 2028 ὁμοίως
818 1945 991 2030 Διονυσίῳ
1014 1953 1059 2031 τῶ
1083 1966 1139 2009 τυ-

120 2050 244 2137 ράννφ·
263 2045 361 2128 οὗτος
378 2053 442 2136 γὰρ
466 2050 521 2117 ἐπὶ
543 2060 706 2117 τοσοῦτον
726 2052 870 2128 ἀπίστως
894 2050 1033 2116 διέκειτο
1056 2052 1140 2136 πρὸς

119 2157 266 2234 ἅπαντας
288 2157 371 2222 ὥστε
394 2159 477 2223 κατὰ
499 2158 561 2241 μὲν
583 2161 620 2226 τὸ
644 2164 801 2224 πλεῖστον
821 2166 928 2240 κομᾶν
945 2157 1001 2223 καί
1024 2178 1139 2241 πωγω-

119 2273 309 2348 νοτροφεῖν,
342 2264 430 2342 ὅπως
461 2266 504 2349 μη
538 2272 801 2351 συναναγκασθῇ
834 2274 878 2353 τῶ
906 2272 967 2329 τοῦ
994 2263 1139 2349 κουρέως

36 2394 45 2405 “
74 2393 101 2433 εο
119 2371 244 2457 σιδήρφ
270 2373 477 2457 παραβαλεῖν
499 2374 540 2437 τὰ
566 2373 753 2456 κυριώτατα
779 2370 861 2456 μέρη
889 2379 949 2436 τοῦ
978 2371 1137 2453 σώματος·

119 2479 148 2542 εί
176 2477 213 2543 δὲ
240 2479 298 2543 καί
323 2499 403 2543 ποτε
429 2481 523 2563 χρεία
549 2478 680 2563 γένοιτο
708 2481 770 2565 την
792 2479 942 2564 κεφαλὴν
965 2478 1139 2564 ἀποκείρα-

119 2590 212 2668 σθαι,
235 2584 386 2670 περιέκαε
408 2588 466 2663 τάς
488 2588 612 2672 τρίχας,
635 2588 715 2668 μίαν
734 2585 919 2671 ἀσφάλειαν
939 2586 1140 2671 τυραννίδος

119 2691 387 2776 ἀποφαινόμενος
421 2694 482 2777 τὴν
514 2693 678 2759 ἀπιστίαν.
734 2693 752 2758 ό
785 2689 815 2757 δ’
843 2686 906 2758 οὖν
934 2687 1174 2776 Ἀγαθοκλῆςε

118 2801 207 2884 παρὰ
236 2799 296 2865 τὸν
325 2801 429 2865 πότον
460 2801 571 2883 λαβὼν
601 2801 704 2886 ῥυτὸν
733 2799 838 2883 μέγαν
866 2807 1017 2885 χρυσοῦν
1047 2792 1139 2864 εἷπεν

73 2928 100 2967 ετ
118 2906 162 2983 ὡς
190 2906 231 2971 οὐ
258 2908 423 2993 πρότερον
445 2905 569 2992 ἀπέστη
597 2916 654 2990 τῆς
680 2916 915 2992 κεραμευτικῆς
939 2905 1056 2990 τέχνης
1079 2904 1139 2981 ἕως

189 3063 206 3117 1
235 3063 347 3133 ὀλόγαις
371 3065 409 3131 Χ;
438 3063 468 3118 έν
497 3062 603 3134 ὀλίγαις
629 3061 746 3134 ἡμέραις
772 3065 801 3118 F.
883 3064 898 3117 λ
924 3063 1002 3130 παρὰ
1030 3079 1084 3116 om.
1107 3062 1137 3116 F.

117 3137 210 3188 πολῶν
236 3135 269 3189 Χ.
341 3135 359 3189 9
385 3133 583 3207 ἐκφερομένης]
613 3133 786 3205 φαινομένης
809 3136 839 3188 F.
913 3134 946 3187 11
972 3131 1054 3204 μίμος
1078 3132 1137 3187 RX.

118 3205 153 3259 12
172 3205 303 3277 εἰκάζειν]
323 3207 358 3260 cf.
378 3206 524 3260 Chinnook
542 3206 622 3260 ολωεε.
641 3223 696 3260 rev.
716 3205 755 3260 VI
770 3213 786 3262 6
804 3224 831 3274 p.
848 3210 907 3260 260.
982 3203 1019 3259 13
1036 3204 1138 3259 πολλοὶ·

118 3297 162 3339 κις
183 3274 215 3332 τὸ
238 3280 348 3345 πλῆθος
365 3277 395 3331 F.
451 3277 491 3340 είς
509 3275 604 3347 γέλωτ’
621 3277 693 3346 έκτρ.
712 3276 835 3332 Kaelker
855 3295 882 3345 p.
898 3282 958 3332 307.
1031 3277 1067 3331 14
1089 3277 1138 3330 καλ

118 3349 250 3417 καθάπερ
276 3348 306 3402 F.
361 3349 392 3403 in
416 3365 504 3419 marg.
529 3351 590 3403 cod.
611 3349 633 3402 F
655 3355 679 3405 3.
694 3367 743 3403 m.:
774 3349 857 3418 φύσει
881 3346 1064 3419 γελωτοποιὸς
1089 3348 1138 3402 καὶ

117 3417 199 3488 μίμος
224 3419 239 3474 ὁ
264 3420 441 3490 Ἀγαθοκλῆς.
514 3420 548 3474 17
575 3418 706 3482 ἀπιστίας
730 3421 760 3476 F.
837 3419 873 3474 20
897 3419 1086 3489 παραβάλλειν
1106 3420 1146 3469 λε’.

115 3491 348 3634 χχριρρτφέαῶοί.
373 3491 451 3546 XVII
475 3497 536 3562 103,
555 3498 582 3562 5,
605 3491 660 3547 ubi
680 3507 881 3564 mmmm
902 3488 1037 3552 mmm
1058 3483 1174 3541 υπὸ-ΨΧ

126 3577 158 3615 ι,
258 3603 264 3629 ,
310 3605 316 3618 .
