2460 3848
8 3690 22 3801 λ

110 169 152 235 58
470 164 584 220 Diodor.
594 163 659 218 XIX
673 169 769 220 3135,

75 330 90 378 ἰ
177 309 211 376 Ὁ
234 308 265 377 δ’
283 310 437 396 Εὐμενής
460 308 526 376 ἀπὸ
548 319 607 394 τῆς
628 319 696 375 νῦν
720 311 1000 393 τετελευτηκότων
1026 318 1135 395 ταφῆς

109 421 288 504 γενόμενος
324 415 496 496 ἀνέζευξεν
537 415 574 482 ἐκ
613 426 681 482 τῶν
720 416 942 501 Παραιτάκων
983 418 1032 494 είς
1071 418 1135 502 τήν

111 529 279 611 Γαβηνήν,
300 519 406 591 οὖσαν
426 523 582 610 ἀκέραιον
598 524 655 589 καί
673 522 865 608 δυναμένην
882 523 991 588 πάντα
1009 523 1134 608 δαψιλῆ

74 643 181 711 εταίς
205 632 367 715 δυνάμεσι
392 629 606 717 παρέχεσθαι.
652 626 786 714 ἀπέχειν
810 630 848 696 δέ
871 628 1049 714 συνέβαινε
1071 632 1135 716 τήν

108 740 221 826 χώραν
243 739 368 823 ταύτην
391 749 459 805 τῶν
480 738 558 824 περὶ
576 737 770 821 Ἀντίγονον
793 737 849 802 διά
867 736 928 819 μέυ
946 747 1004 820 τῆς
1022 738 1134 803 οίκου-
1165 757 1177 798 ε

108 845 209 930 μένης
236 844 450 934 πορευομένῳ
473 846 645 927 σταθμοὺς
668 843 773 909 είκοοι
795 842 908 928 πέντε,
936 844 993 909 διά
1015 844 1053 910 δὲ
1075 855 1135 930 τῆς

109 952 233 1039 ἐρήμου
256 953 312 1018 καί
336 950 485 1037 ἀνύδρου
509 953 681 1034 σταδμοῦς
699 949 805 1017 ἐννέα.
842 951 876 1016 οί
893 951 956 1034 μὲν
975 945 1038 1016 οὖν
1056 953 1135 1039 περί

108 1060 245 1143 Εὐμενῆ
267 1059 405 1125 καὶτὸν
424 1057 618 1142 Ἀντύγονον
641 1066 803 1123 τοσοῦτον
826 1054 981 1142 ἀλλήλων
999 1058 1135 1125 διεστῶ-

109 1189 162 1243 τες
191 1164 229 1232 ἐν
257 1166 388 1244 τούτοις
414 1175 485 1244 τοῖς
511 1166 626 1243 τόποις
648 1167 886 1250 παρεχείμαζον
909 1165 975 1247 ἀμα
997 1164 1053 1230 καὶ
1075 1166 1135 1243 τάς

110 1274 267 1355 δυνάμεις
291 1270 532 1358 ἀνελάμβανον.
1153 1292 1177 1334 ιο

55 1379 99 1446 35
181 1382 276 1445 Κατά
304 1380 342 1446 δέ
367 1380 430 1463 τήν
452 1379 624 1464 Εὐρώπην
648 1377 848 1465 Κάσανδρος
876 1378 938 1461 μὲν
965 1376 1003 1444 ἐν
1025 1383 1134 1446 Πελο-

108 1490 266 1575 ποννήσῳ
303 1487 427 1570 Τεγέαν
463 1491 652 1572 πολιορκῶν
683 1486 739 1551 καί
775 1487 969 1568 πυθόμενος
1003 1489 1066 1571 τήν
1098 1509 1134 1552 τε

105 1593 325 1677 Ὀλυμπιάδος
346 1593 497 1660 κάθοδον
521 1594 568 1671 είς
586 1594 805 1659 Μακεδονίαν
827 1592 883 1658 καί
905 1595 967 1677 τήν
985 1592 1135 1679 Εὐρυδί-

108 1726 168 1784 κης
190 1700 246 1766 καί
272 1702 441 1766 Φιλίππου
464 1708 525 1765 τοῦ
552 1698 714 1783 βασιλέως
741 1699 924 1786 ἀναίρεσιν,
952 1696 1001 1764 ἐτι
1028 1700 1067 1765 δέ
1093 1702 1135 1767 τά

109 1807 186 1891 περί
217 1809 277 1873 τὸν
305 1804 413 1872 Ἰόλλα
444 1803 615 1892 τάδελφοῦ
646 1806 755 1891 τάφον
787 1808 1018 1891 συμβεβηκότα
1050 1809 1134 1893 πρὸς
1153 1826 1177 1869 ιι

109 1915 272 1998 μὲντοὺς
299 1913 461 1998 Τεγεάτας
483 1914 674 1997 διελύσατο,
696 1914 759 1998 τήν
781 1913 820 1979 δὲ
843 1914 988 1995 δύναμιν
1011 1909 1135 1979 ἀναλα-

109 2023 181 2105 βὼν
198 2032 346 2108 προῆγεν
369 2019 423 2087 ἐπί
441 2022 669 2104 Μακεδονίαν,
692 2021 883 2086 καταλιπὼν
904 2023 984 2098 τοὺς
1006 2022 1135 2105 συμμά-

108 2154 189 2214 χους
217 2128 254 2195 ἐν
281 2133 388 2214 πολλή
416 2137 556 2214 ταραχῆ·
584 2126 749 2212 ἐφήδρευε
776 2129 841 2214 γάρ
868 2138 940 2206 ταῖς
965 2126 1003 2193 ἐν
1026 2132 1135 2195 Πελο-

109 2240 266 2324 ποννήσῳ
294 2238 432 2302 πόλεσιν
452 2231 669 2320 Ἀλέξανδρος
696 2233 714 2299 ό
743 2234 1022 2321 Πολυπέρχοντος
1048 2232 1136 2320 έχων

74 2344 345 2429 κστρατόπεδον.
396 2341 544 2407 Αἰτωλοί
574 2339 611 2405 δέ
640 2343 834 2426 χαρίζεσθαι
862 2344 1064 2426 βουλόμενοι
1092 2351 1134 2428 τῆ
1153 2366 1178 2406 κο

109 2472 145 2515 τε
168 2448 363 2532 Ὀλυμπιάδι
389 2449 445 2514 καί
473 2446 728 2534 Πολυπέρχοντι
758 2449 798 2513 τά
826 2449 904 2535 περί
930 2450 989 2526 τάς
1015 2449 1135 2528 Πύλας

110 2557 210 2622 στενά
239 2555 460 2639 κατελάβοντο
489 2555 546 2620 καί
575 2564 633 2639 τῆς
662 2555 812 2639 παρόδου
842 2557 902 2621 τὸν
929 2555 1135 2642 Κάσανδρον

111 2662 316 2728 ἀπέκλεισαν.
362 2661 381 2726 ό
409 2661 447 2726 δὲ
473 2661 648 2745 βιάζεσθαι
673 2662 735 2743 μὲν
758 2664 842 2747 πρὸς
866 2665 989 2741 τόπους
1012 2662 1135 2746 δυσεμ-

109 2770 232 2853 βόλους
260 2765 409 2852 ἀπέγνω,
437 2768 772 2853 παρασκευασάμενος
798 2770 836 2835 δέ
858 2775 959 2835 πλοία
981 2769 1037 2835 καί
1060 2786 1135 2855 σχε-

181 2962 198 3016 1
218 2958 275 3017 ἀπὸ
289 2969 345 3016 τῶν
358 2959 589 3032 τετελευτηκότων
602 2970 652 3032 τῆς
664 2983 722 3031 τα
700 2962 802 3088 Πῆς
860 2964 877 3018 2
891 2967 1083 3032 Παραιτάκων
1097 2964 1134 3032 Ἐς

109 3031 339 3101 Παραίτακαὸί.
319 3033 400 3087 ίΒκ
393 3033 602 3101 ςΠαραιτάκοιι
620 3036 681 3089 Arr
759 3040 801 3100 19,
817 3041 846 3102 23
866 3035 958 3090 Strab.
977 3034 1086 3101 XV11,
1104 3043 1134 3104 13

110 3105 145 3159 ef.
164 3104 236 3174 Nep
256 3104 336 3158 Eum
352 3109 376 3159 8
454 3104 688 3175 3ΓαβιηνήκΡς
709 3105 927 3173 ef.X1X261
1004 3077 1136 3174 4πάρα·

110 3123 277 3246 σχέσθαιδ
350 3176 369 3230 6
391 3175 441 3230 διὰ
464 3176 494 3230 δέ
517 3184 572 3268 τῆς
589 3176 714 3244 ἀνύδρου
737 3177 786 3231 καί
811 3177 915 3268 ἐρημον
937 3178 966 3231 F.
1011 3185 1061 3248 τῆς
1083 3179 1135 3233 ἀν-

109 3249 199 3315 ύδρον
216 3248 249 3302 R.
305 3246 341 3302 14
362 3247 398 3302 τά
416 3245 525 3314 περὶ
498 3268 547 3304 τον
563 3244 654 3303 Ἰόλλα
671 3248 811 3316 τάδελφοῦ
829 3247 922 3318 τάφον
941 3247 1136 3320 συμβεβηκότα

109 3317 161 3373 RX
189 3321 257 3412 (non
283 3321 499 3375 commemorato
526 3320 680 3385 Nicanore,
709 3319 846 3374 Οεευυδιί
877 3321 977 3376 fratre:
1011 3320 1046 3374 cf
1069 3319 1136 3375 XIX

111 3396 154 3456 11,
169 3393 209 3460 8);
227 3389 263 3446 τά
281 3391 345 3459 περὶ
363 3391 504 3482 τάδελφοῦ
522 3387 617 3445 καὶ
589 3410 639 3446 τον
654 3362 760 3480 ’ίόλλρν
777 3392 869 3460 τάφον
889 3389 1082 3464 συμβεβηκότα
1098 3392 1135 3460 F

99 3479 139 3510 τα
129 3460 223 3527 ’περὶ
240 3460 292 3518 τόν
310 3459 438 3531 άδελφδν
453 3460 544 3516 καὶ
517 3483 567 3518 τον
581 3459 831 3531 Ἰόλλουτάφονσ
846 3464 929 3518 Dind.
985 3464 1020 3518 17
1034 3469 1136 3519 Μακε-

82 3527 190 3590 δονίαν
206 3533 238 3588 F,
317 3534 359 3590 22
377 3534 477 3610 στενά]
497 3535 529 3593 δὲ
549 3536 588 3606 R,
609 3551 680 3591 corr
700 3541 778 3590 1..m
