2460 3848
446 217 559 283 01.119‚
571 223 599 272 1:
619 221 671 271 ιοι
687 215 784 271 τοοκ.
1059 219 1123 283 317

107 363 360 453 καθῃρημένους
387 368 498 449 πολλῷ
526 363 663 427 κάλλιον
690 361 710 447 ή
741 367 966 448 προϋπῆρχον.
1011 363 1160 445 Λημή-ο

108 493 198 553 τριος
225 470 263 535 δὲ
290 472 372 536 κατὰ
399 472 456 546 τάς
484 468 620 546 ἐντολὰς
646 477 706 534 τοῦ
734 470 859 555 πατρὸς
886 468 1126 550 διαλυσάμενος

108 578 191 662 πρὸς
205 574 351 655 Ῥοδίους
370 574 543 654 ἐξέπλευσε
565 577 646 659 μετά
668 576 775 659 πάσης
797 585 854 659 τῆς
877 575 1049 657 δυνάμεως
1071 575 1127 640 καὶ

108 684 281 766 κομισθείς
316 684 372 748 διδ
408 686 520 767 νήσων
556 683 756 749 κατέπλευσε
792 693 850 768 τῆς
883 684 1044 758 Βοιωτίας
1080 683 1127 758 είς

77 811 90 851 ι
108 785 225 856 Αὖλιν.
263 790 418 855 σπεύδων
437 789 467 853 δ’
481 788 706 876 ἐλευθερῶσαι
723 792 802 868 τοὺς
817 787 981 874 Ἕλληνας
999 786 1047 876 (οἱ
1063 789 1126 873 γάρ
1146 807 1161 854 6

109 898 185 981 περὶ
216 897 419 983 Κάσανδρον
453 897 509 962 καί
541 898 805 984 Πολυπέρχοντα
840 899 900 963 τὸν
936 893 1127 980 ἔμπροσθεν

108 1006 231 1090 χρόνον
250 1004 365 1069 άδειαν
383 1001 556 1088 ἐσχηκότες
575 1003 747 1090 ἐπόρθουν
765 1007 805 1070 τδι
824 1010 961 1070 πλείστα
974 1003 1056 1089 μέρη
1071 1012 1128 1086 τῆς

104 1108 275 1197 Ἑλλάδος)
306 1121 440 1196 πρῶτον
470 1112 532 1193 μὲν
558 1112 620 1195 τήν
642 1112 834 1178 Χαλκιδέων
861 1114 961 1177 πόλιν
988 1108 1128 1194 ήλενθέ·

110 1234 209 1301 ρωσε,
233 1218 491 1302 φρουρουμένην
509 1218 575 1283 ὑπὸ
595 1222 761 1300 Βοιωτῶν,
783 1219 839 1284 καί
861 1221 940 1293 τοὺς
962 1217 1044 1282 κατὰ
1066 1217 1128 1300 τήν

56 1321 278 1430 ἰξ9Βοιωτίαν
309 1323 596 1408 καταπληξάμενος
632 1324 819 1407 ἠνάγκασεν
856 1324 1039 1406 ἀποστῆναι
1070 1332 1128 1406 τῆς

109 1431 312 1514 Κασάνδρου
337 1434 460 1517 φιλίας,
482 1433 562 1512 μετά
586 1432 623 1496 δέ
646 1440 749 1495 ταῦτα
770 1432 854 1516 πρὸς
876 1430 937 1512 μὲν
955 1430 1128 1504 Αἰτωλοὺς

110 1541 298 1623 συμμαχίαν
316 1537 503 1623 ἐποιήσατο,
521 1540 604 1623 πρὸς
623 1538 660 1603 δὲ
678 1540 757 1614 τοὺς
775 1538 851 1623 περὶ
866 1536 1127 1622 Πολυπέρχοντα

102 1645 165 1710 ’καί
196 1646 398 1731 Κάσανδρον
431 1645 643 1727 διαπολεμεῖν
675 1644 941 1727 παρεσκευάζετο.
993 1644 1059 1725 ἅμα
1091 1642 1162 1708 δέι

110 1754 240 1829 τούτοις
266 1751 503 1838 πραττομένοις
525 1752 681 1834 Εὔμηλος
707 1751 768 1833 μὲν
791 1751 809 1816 ὁ
833 1753 1010 1837 Βοσπόρου
1035 1754 1128 1834 βασι-

66 1882 91 1922 ιι
112 1861 187 1936 λεδς
213 1858 400 1942 βασιλεύων
429 1857 525 1923 ἕκτον
552 1854 624 1934 ἐτος
651 1857 855 1941 ἐτελεύτησε,
882 1859 944 1942 τήν
972 1858 1009 1923 δὲ
1036 1861 1129 1941 βασι-

112 1968 203 2031 λείαν
218 1963 450 2048 διαδεξάμενος
464 1967 661 2052 Σπάρτακος
679 1965 697 2030 ὁ
716 1966 789 2041 υίὸς
806 1961 906 2049 ήρξεν
922 1962 977 2049 ἐτη
995 1965 1127 2030 ε’ίκοσιν.

177 2071 291 2155 Ἡμείς
314 2073 352 2137 δὲ
374 2074 414 2136 τά
437 2073 513 2158 περὶ
536 2073 596 2155 τήν
616 2070 758 2136 Ἑλλάδα
782 2073 837 2136 καί
864 2073 925 2155 τήν
944 2070 1057 2135 Ἀσίαν
1080 2072 1129 2135 δι-
1145 2072 1205 2136 101

112 2181 340 2263 ευκρινηκότες
375 2179 638 2261 μεταβιβάσομεν
674 2180 733 2244 τὸν
771 2180 872 2262 λόγον
908 2177 963 2243 ἐπί
1003 2177 1129 2264 θάτερα

111 2287 192 2370 μέρη
224 2297 282 2370 τῆς
314 2285 517 2369 οἰκουμένης.
572 2288 654 2351 κατά
688 2286 749 2368 μὲν
780 2288 844 2369 γάρ
876 2286 938 2369 τὴν
970 2287 1129 2350 Σικελίαν

67 2417 93 2456 ιο
109 2394 325 2477 Ἀγαθοκλῆς,
363 2395 499 2477 εἰρήνην
536 2392 687 2476 ἀγόντων
718 2404 785 2459 τῶν
816 2394 1024 2478 Λιπαραίων,
1060 2391 1129 2457 ἐπι-

111 2501 255 2577 πλεύσας
283 2501 395 2577 αύτοῑς
423 2500 677 2586 ἀπροσδοκήτως
704 2497 916 2586 εἰσεπράξατο
944 2500 1023 2575 τοὺς
1048 2500 1126 2582 μηδ’

112 2607 226 2673 ὁτιοῦν
248 2609 534 2694 προαδικήσαντας
561 2605 724 2692 ἀργυρίου
750 2607 893 2672 τάλαντα
916 2609 1128 2689 πεντήκοντα.

113 2715 166 2779 ὅτε
189 2715 230 2798 δή
254 2721 389 2791 πολλοῖς
412 2711 503 2791 έδοξε
526 2720 624 2779 θεῖον
643 2707 729 2778 εἶναι
749 2715 786 2779 τὸ
806 2714 1049 2800 ῥηθησόμενον,
1072 2722 1130 2796 τῆς
1148 2730 1162 2777 2

111 2824 317 2905 παρανομίας
335 2821 499 2905 τυχούσης
518 2820 735 2904 ἐπισημασίας
752 2822 841 2907 παρὰ
860 2831 920 2887 τοῦ
944 2822 1128 2903 δαιμονίου.

67 2950 93 2990 ιι
112 2927 295 3006 ἀξιούντων
317 2930 381 3013 γάρ
405 2939 471 2993 τῶν
485 2931 690 3011 ’Λιπαραίων
713 2929 760 3004 είς
784 2929 825 2993 τά
849 2930 1130 3014 προσελλείποντα

112 3046 178 3100 τῶν
201 3035 376 3119 χρημάτων
399 3035 519 3100 δοῦναι
545 3036 669 3119 χρόνον
691 3034 746 3099 καί
774 3037 940 3119 λεγόντων
967 3033 1129 3117 μηδέποτε

112 3153 181 3219 τοῖς
214 3144 314 3227 λεροίς
346 3142 537 3226 ἀναθήμασι
568 3148 847 3226 κατακεχρῆσθαι,
880 3141 897 3206 ὁ
925 3137 1130 3226 Ἀγαθοκλῆς

183 3299 268 3354 4διά
286 3307 341 3353 τῶν
360 3298 452 3367 νήσων
468 3299 497 3352 F.
553 3299 763 3354 ὖΑίιδούπολιν
778 3299 808 3352 Β.
847 3296 873 3351 δ’
891 3316 944 3352 om.
960 3299 989 3353 F.
1045 3298 1129 3352 8καλ

112 3380 222 3440 πρῶτον
236 3372 265 3425 F.
318 3369 422 3424 9κατδι
436 3368 572 3431 Βοιωτίας
585 3371 615 3425 F.
667 3370 703 3425 14
717 3372 844 3441 βασιλεὺς
858 3387 910 3424 om.
921 3371 950 3423 F.
1003 3370 1037 3423 15
1051 3370 1129 3439 βασι-

112 3444 198 3498 λεύων
221 3460 274 3497 om.
294 3441 326 3497 X.
374 3442 409 3495 cf.
428 3440 478 3494 XX
498 3447 539 3506 25,
556 3447 579 3496 3.
652 3443 688 3496 16
706 3441 892 3510 Σπάρτακοςλ
906 3442 936 3494 οἱ
959 3440 1033 3490 m
1043 3447 1148 3496 ‘ism-x

112 3514 146 3567 οξ·
168 3514 393 3584 Latysehev1‚1,
413 3513 438 3568 Π
456 3532 485 3585 p.
498 3512 586 3569 XXV.
657 3514 707 3570 δεῖ),
722 3513 764 3567 ‘2ss
789 3512 834 3572 εὶς
854 3511 895 3562 su
915 3502 1170 3570 mmmmm

102 3584 233 3653 τοίνυν
248 3587 279 3643 F·
