2460 3848
137 213 202 280 246
491 208 802 265 Diodor.xx48-50.

102 374 117 422 8
138 357 376 443 διαφθαρήναι.
414 356 488 422 ὁδέ
506 358 697 440 Δημήτριος
717 354 921 440 ἀποσφαλείς
944 364 1002 439 της
1024 354 1158 435 ἐλπίδος

138 460 211 529 οὐδ’
229 463 274 541 ὣς
296 461 424 548 ἐληγεν,
452 461 535 528 άλλὰ
563 460 818 548 προσεκαρτέρει
840 472 880 548 τῇ
904 464 1080 550 πολιορκία
1101 464 1158 529 καί

136 572 219 636 κατά
237 579 301 655 γήν
318 570 474 636 καὶκατὰ
494 568 676 653 θάλατταν,
698 572 841 652 νομίζων
859 579 905 658 τῷ
928 571 1037 658 χρόνῳ
1060 592 1159 635 κατα-

136 681 337 763 πολεμήσειν
359 679 438 753 τούς
461 678 647 759 πολεμίους.

82 786 126 850 49
207 788 414 867 Πτολεμαῖος
446 783 484 848 δὲ
515 785 708 866 πυθόμενος
739 785 800 868 τήν
832 794 899 849 τῶν
931 784 1027 848 ίδίων
1055 780 1159 867 ήτταν
1192 805 1205 845 ε

136 889 333 969 ἐξέπλευσεν
356 889 392 956 ἐκ
419 900 476 976 τής
498 890 675 974 Αἰγύπτου
704 891 848 973 δύναμιν
873 887 959 976 ἔχων
982 889 1159 974 ἀξιόλογον

135 1001 270 1082 πεζικήν
291 1019 328 1062 τε
350 997 406 1062 καλ
428 1000 596 1082 ναυτικήν.
638 998 850 1083 κατενεχθεὶς
872 998 910 1063 δὲ
931 1003 990 1081 τής
1013 999 1158 1084 Κύπρου

135 1106 219 1190 πρὸς
248 1105 309 1190 τήν
338 1103 464 1188 Πάφον
494 1100 530 1168 ἐκ
558 1127 594 1169 τε
623 1115 691 1170 τῶν
723 1106 853 1170 πόλεων
884 1102 1085 1190 παρεδέξατο
1117 1108 1159 1171 τὰ

136 1211 246 1295 σκάφη
278 1211 334 1276 καί
367 1209 597 1296 παρέπλευσεν
629 1212 676 1289 είς
708 1213 839 1294 Κίτιον,
876 1217 934 1295 τής
966 1215 1158 1294 Σαλαμῖνος

100 1316 259 1403 εάπέχον
282 1318 440 1395 σταδίους
463 1318 662 1396 διακοσίους.
708 1312 775 1404 είχε
799 1318 836 1383 δὲ
860 1318 919 1394 τάς
945 1317 1053 1395 πάσας
1075 1328 1158 1397 ναῦς
1177 1339 1204 1378 ιο

135 1426 261 1510 μακράς
283 1423 402 1490 ἑκατὸν
425 1424 480 1489 καί
502 1425 760 1512 τεσσαράκοντα·
787 1424 917 1490 τούτων
940 1421 971 1488 δ’
988 1420 1074 1509 ήνή
1102 1449 1158 1509 με-

135 1534 231 1616 γίστη
259 1534 437 1616 πεντήρης,
463 1532 484 1615 ή
514 1532 546 1595 δ’
563 1531 715 1617 ἐλαχίστη
743 1535 912 1617 τετρήρης·
942 1534 1159 1617 στρατιωτικά

136 1638 174 1703 δὲ
200 1640 301 1724 πόρια
327 1637 462 1715 ταύταις
489 1636 713 1722 ἐπηκολούθει
742 1640 844 1704 πλείω
872 1649 940 1704 τῶν
967 1639 1158 1723 διακοσίων,

101 1746 260 1828 τάγοντα
286 1747 404 1823 πεζούς
432 1745 495 1810 οὐκ
523 1744 679 1822 ἐλάττους
701 1755 768 1810 τῶν
791 1746 929 1829 μυρίων.
976 1740 1073 1823 οὗτος
1095 1746 1158 1827 μὲν

136 1845 200 1917 οὖν
221 1853 305 1937 πρὸς
327 1852 387 1916 τὸν
410 1851 589 1917 Μενέλαον
611 1853 694 1917 κατά
716 1851 781 1936 γῆν
804 1848 931 1934 ἔπεμψέ
951 1875 1056 1935 τινας,
1084 1852 1156 1916 δια·
1176 1871 1204 1912 1ο

134 1961 350 2042 κελευόμενος
377 1959 436 2036 τάς
462 1968 559 2043 ναῦς,
588 1958 630 2025 δν
654 1949 675 2049 ᾗ
703 1959 859 2042 δυνατόν,
886 1960 969 2024 κατὰ
995 1958 1092 2044 τάχος
1119 1956 1156 2024 ἐκ

135 2072 194 2150 τής
207 2070 398 2148 Σαλαμῖνος
417 2067 501 2152 πρὸς
519 2067 623 2132 αὐτὸν
641 2063 845 2149 ἀποστεῖλαι,
866 2066 968 2143 ούσας
986 2064 1156 2150 ἐξήκοντα·

134 2175 247 2258 ήλπιζε
265 2173 340 2259 γάρ,
363 2175 393 2238 εί
411 2173 596 2258 προσλάβοι
618 2172 749 2255 ταύτας,
773 2172 896 2260 ῥηιδίως
914 2177 1091 2259 κρατήσειν
1110 2182 1210 2258 τήιιε

100 2281 317 2367 ιναυμαχίηι,
354 2281 536 2357 διακοσίοις
570 2279 733 2364 σκάφεσιν
765 2278 1013 2364 ἀγωνιζόμενος.
1069 2279 1086 2345 ὁ
1120 2279 1157 2345 δὲ

135 2390 326 2472 Δημήτριος
355 2390 477 2471 νοήσας
507 2386 611 2452 αὐτοῦ
641 2387 702 2470 τήν
732 2384 893 2471 ἐπιβολήν
922 2386 976 2453 ἐπὶ
1007 2386 1069 2469 μέν
1097 2393 1157 2470 τής
1176 2405 1203 2446 2⁰

135 2494 328 2578 πολιορκίας
355 2492 493 2559 ἀπέλιπε
515 2492 614 2578 μέρος
636 2498 695 2578 τής
718 2493 904 2577 δυνάμεως,
933 2494 990 2571 τάς
1013 2493 1051 2558 δὲ
1075 2503 1158 2571 ναῦς

136 2600 264 2676 ἁπάσας
281 2600 459 2685 πληρώσας
476 2600 532 2665 καί
549 2610 617 2666 τῶν
637 2610 847 2685 στρατιωτῶν
864 2600 943 2677 τοὺς
961 2601 1158 2686 κρατίστους

135 2705 316 2790 ἐμβιβάσας
338 2707 419 2792 βέλη
442 2707 498 2773 καί
521 2709 745 2793 πετροβόλους
768 2705 904 2773 ἐνέθετο
926 2707 1071 2772 καὶτῶν
1088 2730 1158 2791 τρι-

136 2813 315 2896 σπιθάμων
345 2812 513 2898 ὀξυβελῶν
542 2816 621 2891 τοὺς
653 2816 787 2891 ἱκανούς
818 2824 890 2890 ταῖς
921 2810 1070 2902 πρῴραις
1101 2812 1158 2879 ἐπ-

208 3009 325 3078 λπεζήν
338 3007 364 3060 Χ
382 3007 466 3078 πεζὴν
480 3008 510 3062 F.
569 3004 788 3062 θκατέπλευσεν
802 3007 832 3061 F.
892 3007 929 3061 10
946 3007 1038 3070 πάσας
1057 3024 1110 3061 om.
1125 3007 1156 3073 F,

134 3080 275 3206 ῗέἐέἐιέ
293 3097 371 3204 m‘11.
387 3079 644 3219 ιέιεεῗῖἐῖρυῖήι
655 3077 1156 3243 οήμέίίέέήηεάέχέήέλέδέεξέἐέξ

134 3221 385 3291 πεντεκαιδεκήρης
403 3221 570 3277 Meibomius
590 3222 713 3290 (Wess.);
732 3222 838 3276 τούτων
855 3219 882 3275 δ’
895 3239 967 3291 ησαν
984 3221 1015 3275 αἱ
1030 3218 1158 3291 μέγισται

134 3293 278 3362 πεντήρεις
296 3293 399 3360 Wess.;
420 3296 547 3362 praestat
564 3292 628 3347 fort.
646 3293 752 3347 τούτων
772 3291 799 3347 δ’
816 3288 851 3362 ήν
869 3292 887 3362 ἡ
906 3291 1017 3363 μεγίστη
1036 3291 1158 3362 ἑπτήρης

136 3364 181 3432 (cf.
210 3364 284 3417 infra
310 3369 354 3432 50,
376 3367 411 3434 2).
490 3364 526 3419 13
553 3382 639 3432 πορια
668 3368 698 3432 (ε.
721 3366 757 3433 α.)
782 3364 808 3417 R
834 3361 922 3431 πορία
946 3363 972 3416 Χ
998 3373 1100 3431 πορεῖα
1126 3365 1156 3419 F.

121 3434 164 3488 14
185 3437 290 3501 πεζούς
312 3435 366 3508 μὲν
391 3436 421 3493 F.
496 3436 529 3491 17
556 3435 718 3491 ἀποστεῖλαι
742 3431 813 3502 πρὸς
836 3432 922 3490 αύτδν
945 3435 975 3490 F.
1023 3436 1058 3489 ef.
1081 3435 1157 3490 Plut.

106 3503 423 3581 Dem,16;P01yaen,
444 3509 486 3567 IV
502 3517 528 3580 7,
544 3517 571 3567 Ἶ.
639 3507 677 3564 18
694 3506 745 3578 τὴν
765 3503 921 3575 ναυμαχίαν
936 3506 973 3559 ἲ.
1040 3506 1076 3559 20
1097 3505 1158 3561 ἐπι-

94 3574 213 3643 ’θῆὅᾱε
229 3580 263 3636 F·
345 3584 387 3643 23
406 3586 588 3663 ἐπιβιβάσας
604 3581 645 3639 X.
