2460 3848
59 186 96 241 VI
435 181 699 238 ARGUMENTUM

58 276 112 326 cap.
927 283 941 308 θ

57 353 101 400 42.
127 346 226 416 Pugna
250 345 463 414 elephantorum
486 346 515 398 et
538 343 683 412 equestris.
724 342 892 396 Eumeniani
914 341 1078 396 funduntur.

57 431 100 480 43.
127 426 227 496 Pugna
244 425 383 494 pedestris
402 423 617 494 argyraspidum
637 422 757 492 insignis
774 422 886 477 virtute.
925 421 981 479 Sed
998 423 1078 476 Anti-

118 543 120 547 <
164 522 254 576 gonus
277 506 366 560 instat
388 504 525 574 equitatu.
566 502 693 557 Tandem
712 502 879 557 Macedones
897 502 1078 574 indignantes

163 587 316 640 Peucestae
353 585 503 654 segnitiam
536 586 564 638 et
596 583 655 637 eius
687 581 876 652 Eumenisque
909 583 1079 639 discordiam

164 667 264 734 sponte
300 667 337 719 ad
368 665 542 734 Antigonum
575 663 709 718 deficiunt
744 662 893 732 ipsumque
925 663 1079 719 Eumenem

164 748 279 815 captum
297 745 373 800 hosti
390 745 514 799 tradunt.

57 832 99 880 44.
129 825 202 881 eum·
216 825 287 880 alios
306 827 390 880 duces
408 827 470 879 tum
483 825 637 880 Eumenem
650 824 809 894 Antigonus
828 823 966 893 supplicio
981 827 1077 882 afficit.

89 949 91 954 .
163 906 215 960 His
240 906 362 975 peractis
385 905 415 959 in
437 905 561 960 Mediam
584 904 671 971 redit,
695 905 788 958 castra
805 903 912 959 habens
931 906 1008 974 apud
1026 908 1079 962 Ec-

164 986 269 1040 batana
287 989 316 1041 et
334 987 365 1039 in
384 985 516 1054 eparchio
533 984 654 1054 Rhagis,
672 988 764 1039 terrae
782 983 906 1039 motibus
925 985 1008 1040 clara.

57 1072 99 1121 45.
129 1065 228 1121 Obiter
253 1066 390 1120 diluvium
414 1066 514 1135 ingens
540 1067 785 1132 commemoratur,
811 1081 867 1134 quo
889 1064 1005 1119 Rhodus
1028 1084 1080 1135 per

164 1146 194 1199 id
212 1149 324 1216 tempus
342 1147 452 1200 vastata
471 1147 522 1200 est.

57 1232 99 1281 46.
128 1227 277 1281 Pithonem
302 1243 346 1282 res
370 1243 456 1280 novas
479 1224 642 1279 molientem
659 1225 818 1294 Antigonus
841 1226 879 1279 ad
901 1242 931 1281 se
949 1231 1078 1282 vocatum

163 1307 296 1361 trucidat.
340 1307 412 1360 Tum
440 1308 551 1375 sumpto
576 1303 728 1359 Ecbatanis
757 1307 873 1375 argento
899 1306 930 1360 in
954 1307 1078 1362 Persium

163 1388 264 1442 teudit.

57 1473 100 1522 47.
128 1466 202 1520 Dum
220 1468 251 1521 in
269 1468 371 1522 itinere
389 1469 450 1522 erat
468 1467 639 1537 Antigonus,
664 1465 797 1520 Eumenis
816 1468 845 1520 et
862 1465 991 1521 Pithonis
1010 1470 1079 1524 socii

164 1547 315 1614 rebellant,
325 1547 509 1602 multitudine
522 1549 618 1600 tamen
632 1546 758 1615 oppressi
771 1547 877 1615 partim
890 1549 965 1602 caesi
974 1549 1078 1619 partim

164 1628 241 1696 eapti
260 1630 333 1682 suut.

57 1712 99 1761 48.
128 1707 160 1761 In
184 1707 281 1762 Persia
306 1708 465 1778 Antigonus
490 1707 568 1776 regio
593 1708 699 1761 honore
724 1707 816 1761 cultus
842 1709 979 1777 satrapias
1005 1711 1080 1766 inter

81 1806 83 1810 ·
164 1789 269 1843 amicos
287 1786 445 1854 distribuit3
466 1790 578 1857 praeter
596 1803 663 1857 opes
682 1786 814 1840 Susianae
832 1787 976 1858 ingentem
994 1808 1079 1859 pecu-

164 1868 275 1922 niarum
293 1869 350 1922 vim
368 1868 478 1938 recipit.

57 1954 99 2002 49.
128 1949 160 2002 In
187 1949 300 2018 Europa
326 1949 442 2018 Pydnae
470 1948 580 2003 obsidio
608 1964 641 2003 eo
669 1948 845 2015 continuata,
872 1953 906 2004 ut
933 1950 1078 2021 Olympias

164 2046 227 2083 cum
265 2030 364 2084 ceteris
402 2029 521 2084 obsessis
558 2029 670 2097 inopiae
705 2029 844 2098 famisque
875 2030 950 2084 mala
984 2035 1079 2088 omnia

164 2109 305 2165 toleraret.

57 2194 99 2243 50.
129 2189 311 2245 Obsessorum
324 2192 520 2260 Pydnaeorum
538 2189 622 2243 multi
640 2190 677 2243 ad
691 2188 864 2245 Casandmm
877 2192 1077 2261 transfugiunt.

163 2269 196 2324 In
214 2288 323 2326 summa
341 2271 472 2340 angustia
487 2264 631 2338 Olympias
649 2271 715 2323 navi
733 2269 867 2340 aufugere
886 2273 986 2324 conata
1003 2275 1078 2341 capi-

162 2352 217 2404 tur.
255 2351 327 2404 Tum
352 2351 422 2404 alias
448 2367 559 2419 quoque
582 2350 764 2405 Macedoniae
782 2350 866 2405 urbes
884 2350 915 2404 in
932 2351 1018 2406 fidem
1037 2371 1078 2407 re-

165 2431 241 2499 cepit
259 2430 408 2485 Casander.

57 2512 100 2563 51.
129 2509 273 2578 Olympias
292 2511 385 2566 occisa
402 2529 459 2565 una
478 2528 541 2564 cum
562 2511 722 2578 Aristonoo,
742 2511 813 2566 duce
832 2511 983 2581 copiarum.

57 2594 99 2644 52.
129 2589 270 2644 Casander
288 2590 517 2658 Thessalonicen,
542 2591 669 2660 Philippi
693 2591 794 2659 filiam,
819 2593 998 2648 matrimonio
1025 2593 1079 2647 sibi

164 2671 270 2741 iungit,
302 2671 400 2727 urbem
428 2689 444 2726 e
472 2689 522 2726 suo
550 2672 663 2726 nomine
691 2670 877 2727 Casandream
907 2673 1078 2743 appellatam

165 2752 273 2819 condit,
297 2751 451 2806 Ehoxanen
470 2769 533 2805 cum
552 2751 610 2806 filio
629 2751 782 2806 Alexandri
800 2753 965 2823 Amphipoli
988 2757 1079 2808 custo-

165 2832 298 2887 diendam
325 2835 417 2900 curat,
445 2832 606 2901 Eurydicen
632 2832 852 2902 Philippumque
876 2833 963 2902 Aegis
990 2834 1080 2903 regali

164 2913 261 2967 funere
285 2912 373 2968 effert.
415 2913 488 2967 Hinc
512 2913 542 2965 in
564 2913 787 2982 Peloponnesum
806 2912 1014 2979 expeditionem
1034 2932 1079 2966 su-

164 2992 261 3060 scipit,
286 2996 319 3047 ut
342 2993 545 3059 Alexandrum,
570 2992 802 3062 Polyperchontis
824 2991 926 3059 filium,
947 2992 1015 3046 inde
1034 3011 1079 3048 ex-

164 3072 295 3142 pelleret3
315 3073 509 3143 Polyperchon
527 3074 588 3142 ipse
607 3074 637 3126 in
655 3071 796 3127 Aetoliam
815 3072 988 3143 confugerat.

58 3158 100 3208 53.
128 3152 202 3206 Dum
216 3153 363 3207 Boeotiam
376 3154 478 3208 transit
492 3153 640 3220 Casander,
651 3151 761 3207 Thebas
775 3152 932 3207 instaurare
945 3153 1078 3208 instituit.

164 3233 330 3303 Digreditur
348 3234 499 3288 historicus
518 3235 554 3288 ad
573 3233 650 3288 urbis
669 3232 791 3302 origines
809 3233 955 3303 variasque
973 3234 1079 3288 vicissi-

164 3315 278 3369 tudines
297 3315 466 3370 referendas.

55 3399 96 3448 54,
129 3394 288 3448 Thebarum
325 3395 557 3450 instaurationem
593 3395 761 3448 adiuverunt
797 3393 924 3449 civitates
957 3394 1079 3450 Graecae

148 3473 291 3539 aliaeque.
330 3476 407 3530 Hinc
428 3475 571 3533 Casander
588 3475 705 3546 Megara
723 3474 846 3530 deelinat
864 3477 893 3530 et
911 3475 1030 3544 navigiis
1050 3477 1080 3529 in

129 3549 375 3619 Peloponnesum
397 3560 513 3631 traicit,
534 3561 643 3632 Argos,
660 3557 815 3614 Messenen
832 3557 887 3611 etc.
905 3555 993 3621 capit.
