2460 3848
106 195 148 260 62
435 182 438 192 ¹
466 189 765 246 Diodormams.

105 336 229 422 ἐρήμου
257 336 313 402 καί
341 336 491 420 ἀνύδρου
519 335 679 422 προάγειν
707 334 869 402 ἐπίπονον
896 335 958 418 μὲν
987 333 1130 422 ἔκρινεν,

106 445 153 522 είς
177 443 215 510 δὲ
237 446 298 529 τήν
321 441 591 528 βεβουλευμένην
614 441 774 527 ἐπιβολήν
796 443 1060 528 χρησιμώτατον·
1088 444 1129 510 οὐ

105 553 211 634 μόνον
234 551 299 637 γὰρ
322 551 378 616 διὰ
401 550 522 634 ταύτης
545 551 717 633 συντόμως
739 547 783 634 ήν
810 549 936 635 ἐλθεῖν,
965 549 1048 615 ἀλλά
1074 550 1131 616 καὶ

106 658 230 746 ῥᾳδίως
253 662 373 724 λαθείν
397 657 653 742 ἀπροσδοκήτως
675 655 875 723 ἐπιπεσόντα
896 666 967 735 τοῖς
990 657 1046 722 διὰ
1068 659 1131 742 τήν

106 766 247 849 ἀγνοιαν
285 764 529 851 διερριμμένοις
564 765 647 830 κατδι
683 764 794 847 κώμας
830 764 887 829 καὶ
928 764 1130 851 ῥᾳθυμοῦσι.
1163 785 1175 825 ι

71 890 87 939 ε
106 881 209 937 ταῦτα
228 872 266 938 δέ
284 871 478 955 διανοηθείς
495 881 565 950 τοῖς
588 871 650 953 μέν
673 871 887 957 στρατιώταις
908 874 1131 957 παρήγγειλεν

106 977 259 1062 ἑτοίμους
288 972 374 1044 είναι
405 981 489 1063 πρὸς
521 975 694 1057 ἀνάζευξιν
725 978 781 1044 καὶ
812 977 1132 1064 παρασκευάσασθαι

107 1082 174 1170 δέχ’
192 1087 326 1171 ήμερῶν
352 1086 465 1171 ἀπυρα
488 1088 590 1169 σιτία,
618 1084 719 1162 αὐτὸς
747 1084 785 1150 δέ
807 1085 1003 1164 <δια>δούς
1028 1087 1131 1169 λόγον

107 1189 158 1259 ἐπ’
177 1189 350 1278 Ἀρμενίας
378 1190 536 1278 προάξειν
561 1193 660 1278 ,ἀφνω
688 1192 778 1278 παρὰ
804 1193 866 1276 τήν
892 1191 1027 1258 πάντων
1049 1191 1133 1258 ύπό-

107 1305 210 1385 ληψιν
232 1301 364 1386 ὥρμησε
390 1300 446 1364 διὰ
473 1307 530 1382 τής
558 1297 698 1386 ἐρήμου,
726 1308 784 1383 τής
811 1300 899 1384 ὥρας
926 1300 1028 1384 ούσης
1055 1299 1133 1383 περί
1152 1323 1178 1362 10

72 1408 293 1493 εχειμερινδις
322 1407 454 1492 τροπάς.
501 1407 583 1472 κατδι
611 1406 649 1472 δέ
677 1407 736 1483 τδις
765 1407 1020 1493 στρατοπεδείας
1049 1427 1133 1492 παρ-

107 1519 239 1601 ήγγειλε
262 1521 321 1598 τῆς
342 1512 465 1600 ἡμέρας
487 1513 549 1597 μέν
571 1513 612 1578 τδι
634 1514 726 1600 πυρὰ
747 1513 851 1598 κύειν,
874 1520 933 1598 τῆς
956 1514 993 1579 δέ
1011 1514 1133 1591 νυκτὸς

106 1621 374 1705 κατασβεννύναι
391 1619 524 1704 τελέως,
543 1621 632 1698 ὅπως
649 1623 694 1705 μή
711 1643 799 1699 τινες
818 1619 854 1686 ἐκ
872 1631 941 1686 τῶν
958 1620 1134 1705 μετεώρων

107 1731 371 1812 κατανοήσαντες
401 1727 625 1812 ἀπαγγείλωσι
654 1729 692 1792 τὸ
723 1728 904 1811 γινόμενον
934 1737 1005 1804 τοῖς
1036 1731 1133 1792 πολε-

72 1836 208 1917 5μίοις·
245 1830 290 1918 ήν
325 1835 389 1920 γὰρ
425 1836 446 1919 ή
483 1835 545 1918 μὲν
574 1831 697 1920 ἔρημος
733 1842 822 1900 πᾶσα
854 1836 976 1919 σχεδὸν
1006 1835 1133 1918 πεδιάς,
1153 1855 1178 1896 ιι

108 1943 291 2027 περιείχετο
314 1942 353 2007 δέ
374 1941 441 2007 ὑπὸ
467 1944 582 2025 λόφων
609 1941 759 2026 ὑψηλῶν,
787 1937 845 2026 ἀφ’
869 1936 917 2007 ὧν
944 1938 1063 2029 ῥηίδιον
1089 1939 1134 2027 ήυ

108 2046 146 2114 ἐκ
163 2053 291 2114 πολλοῦ
310 2049 529 2134 διαστήματος
548 2056 697 2133 συνορᾶν
717 2050 780 2132 τήν
802 2048 911 2133 αὐγήν
933 2058 993 2114 τοῦ
1016 2051 1132 2134 πυρός.

108 2153 275 2232 ἐπιπόνως
292 2155 330 2221 δέ
350 2162 409 2240 τής
432 2155 604 2238 δυνάμεως
626 2152 726 2221 πένθ’
743 2155 866 2242 ἡμέρας
889 2156 1134 2241 ὁδοιπορούσης

109 2264 142 2328 ολ
164 2263 226 2345 μέν
249 2274 447 2349 στρατιῶται
470 2261 526 2327 διά
548 2285 583 2327 τε
606 2263 643 2326 τὸ
666 2271 773 2347 ψύχος
795 2263 851 2329 καί
873 2265 931 2341 τὰς
952 2262 1134 2347 ἀναγκαίας

109 2372 220 2454 χρείας
248 2365 347 2434 έκαον
370 2378 438 2453 πῦρ
461 2365 538 2450 μεθ’
560 2367 687 2453 ἡμέραν
709 2370 824 2435 τεκαὶ
846 2371 977 2454 νύκτωρ
1001 2368 1039 2436 ἐν
1061 2380 1135 2448 ταῖς
1153 2391 1178 2432 ιο

73 2475 387 2560 οστρατοπεδείαις.
432 2474 451 2539 δ
476 2475 517 2559 δή
541 2477 737 2554 συνιδόντες
758 2477 847 2555 τινές
869 2489 937 2542 τῶν
958 2478 1049 2562 παρὰ
1070 2479 1134 2562 τήν

110 2579 234 2668 ἔρημον
265 2581 449 2647 οἰκούντων
481 2577 631 2665 ἔπεμψαν
662 2585 741 2660 τοὺς
773 2583 1043 2667 ἀπαγγελοῦντας
1074 2584 1135 2650 αύ-

109 2689 261 2774 θημερὸυ
296 2697 367 2765 τοῖς
402 2689 478 2774 περὶ
514 2690 653 2773 Εύμενή
688 2689 743 2754 καλ
775 2689 980 2775 Πευκέστην,
1017 2690 1135 2768 δόντες

111 2795 278 2883 δρομάδας
314 2799 493 2881 καμήλους·
546 2797 703 2862 διατείνει
738 2797 802 2883 γὰρ
838 2797 876 2861 τὸ
913 2799 997 2885 ζῷον
1033 2806 1134 2862 τοῦτο

111 2904 268 2981 σταδίους
313 2902 354 2967 οὐ
400 2904 486 2968 πολὺ
532 2901 687 2980 ἐλύττους
734 2906 851 2988 χιλίων
896 2905 1135 2969 πεντακοσίων.
1154 2925 1180 2967 ει

56 3009 100 3076 38
111 3012 144 3078 οἱ
173 3010 211 3076 δέ
242 3008 319 3095 περί
355 3009 414 3073 τὸν
451 3009 646 3093 Πευκέστην
681 3012 871 3092 πυθόμενοι
906 3011 989 3075 κατὰ
1024 3009 1187 3095 μέσηνιιι

184 3203 198 3257 7
227 3201 500 3269 παρασκευάσασθαι
528 3200 586 3272 δέχ’
612 3203 721 3272 ήμερῶν
753 3202 799 3272 (ef.
827 3202 959 3271 Polyaen.
982 3203 1022 3258 IV
1043 3210 1068 3270 6,
1090 3208 1135 3273 11)

111 3273 207 3342 ἄπυρα
235 3271 320 3345 σιτία]
348 3273 634 3341 παρασκευάσασθαι·
661 3270 691 3339 ἓξ
719 3273 746 3329 δ’
768 3273 841 3344 ἐχειν
866 3275 975 3344 ήμερῶν
1001 3273 1027 3328 ἀ.
1055 3291 1078 3330 σ.
1104 3276 1136 3331 F.

110 3343 128 3400 8
154 3344 332 3418 <δια>δούς]
359 3347 426 3407 δούς
451 3345 546 3411 οοδδ.;
573 3361 641 3400 corr.
660 3346 744 3400 Dind.
791 3343 890 3415 λόγους
912 3346 942 3399 F.
1015 3345 1051 3400 12
1072 3347 1135 3420 της]

106 3415 160 3477 τὰς
174 3416 205 3481 F,
228 3433 296 3471 οοετ.
318 3423 342 3471 2,
357 3434 394 3470 m.
467 3416 502 3470 13
525 3418 590 3486 post
612 3436 686 3479 τινες
709 3416 773 3470 εδδ.
793 3414 894 3480 νυκτὸς
912 3416 970 3472 RX.
1043 3417 1079 3472 12
1104 3419 1136 3473 ἐκ

87 3486 207 3538 πολλῶν
225 3487 429 3558 διαστημάτων
443 3487 477 3545 X.
535 3487 571 3545 24
588 3488 621 3544 in
637 3505 728 3560 marg.
745 3488 807 3543 οοδ.
819 3489 847 3542 R
864 3489 902 3558 gl.
920 3485 1008 3543 πόσον
1028 3486 1137 3559 δρόμον

72 3547 211 3617 &medea
230 3557 251 3626 ή
272 3561 501 3636 δρομοκοίμηλος
522 3567 558 3638 (2.
574 3565 635 3636 ιω).
710 3561 749 3617 26
766 3557 815 3616 τόν
836 3559 939 3614 ond.
