2460 3848
114 174 177 241 148
270 148 272 153 μ
473 171 662 227 Diodor.XIX
676 176 717 226 95.
729 176 770 226 96.

59 316 102 382 95
189 319 236 383 Τά
271 317 332 401 μὲν
365 312 428 383 οὖν
459 319 583 400 νόμιμα
618 327 686 382 τῶν
714 315 863 403 Ἀράβων
894 312 1030 381 τοιαῦτ’-
1046 309 1134 381 εἶναι

113 424 330 510 συμβέβηκεν.
382 423 535 508 ὑπογύου
568 424 600 488 δ’
627 423 740 500 αὐτοῖς
772 422 875 508 οάσης
905 423 1134 508 πανηγύρεως,

114 533 160 609 είς
189 531 232 615 ῆν
263 531 424 596 εἰώθασιν
455 531 487 596 ολ
517 532 680 612 περίοικοι
708 537 874 595 καταντᾶν
904 531 937 595 οί
963 529 1025 612 μὲν
1053 527 1135 595 ἀπο-

113 639 298 720 δωσόμενοι
329 647 397 703 τῶν
429 639 589 724 φορτίων,
626 638 659 703 ολ
690 633 721 701 δ’
750 633 972 722 ἀγοράσοντές
1003 659 1035 701 τι
1067 645 1135 701 τῶν

115 746 228 822 αὐτοῖς
245 746 426 830 χρησίμων,
445 746 493 820 είς
511 744 636 827 ταύτην
652 741 896 829 ἐπορεύθησαν,
916 740 1136 820 ἀπολιπόντες
1168 765 1180 806 ι

114 851 171 917 ἐπί
196 874 287 929 τινος
314 850 434 936 πέτρας
462 851 520 927 τάς
544 855 674 936 κτῆσεις
696 851 752 916 καί
774 853 853 928 τοὺς
875 849 1136 937 πρεσβυτάτους,

79 955 163 1024 εέτι
192 957 230 1023 δέ
259 956 358 1023 τέκνα
387 957 443 1023 καὶ
471 967 640 1041 γυναῖκας.
694 959 730 1023 τὸ
762 957 800 1023 δέ
831 960 956 1043 χωρίον
986 957 1136 1043 ὑπῆρχεν

115 1065 240 1149 ὀχυρὸν
271 1065 333 1147 μέν
364 1061 444 1129 καθ’
471 1063 673 1150 ὑπερβολῆν,
706 1048 891 1148 ἀτείχιστον
923 1064 961 1130 δὲ
992 1063 1047 1129 καὶ
1078 1074 1137 1149 τῆς

116 1170 312 1255 οἰκουμένης
331 1167 456 1255 ἀπέχον
474 1171 570 1236 δυεῖν
587 1172 720 1257 ἡμερῶν
739 1170 829 1237 ὁδόν.
867 1172 899 1237 ολ
918 1171 956 1236 δέ
977 1171 1054 1257 περὶ
1076 1171 1137 1236 τὸν

112 1276 294 1363 Ἀθήναιον
312 1281 604 1364 παρατηρήσαντες
626 1287 747 1344 τοῦτον
764 1279 824 1343 τὸν
842 1279 961 1364 καιρὸν
979 1278 1138 1363 ὥρμησαν
1156 1301 1182 1342 ιο

116 1383 178 1454 ἐπί,
200 1387 261 1470 τῆν
291 1383 416 1469 πέτραν
445 1385 592 1463 εὔζωνον
621 1382 753 1470 ἔχοντες
783 1386 846 1470 τῆν
875 1385 1033 1468 δύναμιν·
1066 1384 1138 1450 δια-

116 1491 278 1568 νύσαντες
305 1488 335 1555 δ’
359 1491 423 1556 ἀπὸ
451 1501 509 1576 τῆς
532 1489 720 1576 Ἰδουμαίας
749 1489 907 1578 ἐπαρχίας
936 1490 973 1558 ἐν
1001 1490 1139 1577 ἡμέραις

116 1598 206 1683 τρισί
227 1598 283 1663 καί
306 1595 383 1675 νυξὶ
405 1606 476 1675 ταίς
499 1598 586 1675 ἴσαις
609 1599 766 1675 σταδίους
789 1599 972 1683 δισχιλίους
993 1598 1048 1664 καὶ
1066 1598 1139 1662 δια-

116 1707 251 1781 κοσίους
270 1701 396 1769 ἔλαθον
413 1706 493 1782 τοὺς
507 1703 653 1790 ’Άραβας
674 1705 751 1791 περὶ
773 1704 875 1788 μέσας
897 1705 1019 1782 νύκτας
1040 1727 1139 1770 κατα-

82 1827 97 1876 3
118 1813 296 1894 λαβόμενοι
313 1812 375 1895 τῆν
394 1810 527 1897 πέτραν.
568 1812 674 1888 εὐθὺς
693 1811 730 1877 δὲ
748 1822 816 1877 τῶν
834 1810 1139 1895 ἐγκατειλημμένων
1158 1833 1184 1874 ιι

118 1917 177 1994 οὓς
205 1917 267 2001 μὲν
296 1915 456 2007 ἀνῄρουν,
486 1917 545 1995 οὓς
573 1915 603 1982 δ’
626 1917 803 2003 ἐζώγρουν,
834 1917 945 1995 ένίους
972 1919 1011 1984 δὲ
1039 1941 1140 2004 τραυ-

117 2027 234 2108 ματίας
275 2023 437 2091 ἀπέλιπον
472 2025 528 2090 καὶ
568 2033 628 2090 τοῦ
667 2025 729 2107 μὲν
766 2027 951 2107 λιβανωτοῦ
988 2025 1044 2090 καὶ
1081 2035 1141 2109 τῆς

119 2132 267 2217 σμύρνης
297 2132 583 2198 συνεσκευάσαντο
613 2131 651 2196 τὸ
681 2136 798 2197 πλεῖον
829 2130 943 2218 μέρος,
975 2130 1140 2218 ἀργυρίου

119 2239 161 2329 δέ
188 2239 265 2324 περί
296 2239 495 2304 πεντακόσια
531 2237 683 2302 τάλαντα.
738 2237 1009 2324 ἐνδιατρίψαντες
1040 2238 1072 2302 δ’
1099 2239 1140 2304 οὐ

119 2347 220 2412 πλείω
248 2347 372 2430 χρόνον
403 2347 553 2429 φυλακῆς
581 2340 768 2430 (ἑωθινῆς)
798 2344 903 2421 εὐθὺς
933 2344 1141 2430 ἀνέστρεψαν
1160 2368 1186 2409 ιο

119 2453 201 2517 κατά
238 2451 400 2535 σπουδῆν,
437 2449 719 2532 διαλαμβάνοντες
753 2451 820 2518 ὑπὸ
856 2462 924 2518 τῶν
960 2451 1141 2537 βαρβάρων

120 2558 379 2642 διωχθήσεσθαι.
435 2557 659 2635 διατείναντες
690 2557 728 2623 δὲ
760 2559 917 2635 σταδίους
949 2559 1144 2637 διακοσίους

121 2661 497 2749 κατεστρατοπέδευσαν,
537 2663 631 2741 ὄντες
671 2664 851 2731 κατάκοποι
888 2665 944 2730 καί
980 2665 1142 2753 ῥᾳθύμως

121 2767 251 2855 ἔχοντες
280 2771 321 2835 τά
349 2771 427 2856 περί
455 2772 513 2848 τάς
543 2771 707 2856 φυλακάς,
737 2771 782 2849 ὡς
811 2770 853 2838 ἀν
881 2774 1069 2855 νομίζοντες
1091 2774 1193 2858 μησεν

121 2879 285 2965 πρότερον
316 2877 486 2943 δύνασθαι
515 2881 602 2956 τοὺς
635 2881 813 2961 πολεμίους
845 2877 960 2944 ἐλθεῖν
992 2880 1087 2944 δυείν
1120 2879 1187 2964 ῆει

85 2994 223 3071 ετριῶν
253 2985 394 3069 ἡμερῶν.
448 2986 480 3051 ol
512 2981 542 3049 δ’
561 2982 702 3071 ’Ἁραβες
733 2986 922 3068 πυθόμενοι
952 2988 1042 3072 παρά
1073 2997 1142 3052 τῶν

193 3175 367 3232 δείάθεσαν
385 3178 470 3232 Dind.
490 3177 537 3247 (W
539 3179 557 3245 .)
624 3178 849 3248 4ἀγοράσαντες
866 3179 896 3233 F.
965 3177 1048 3233 δέπί
1065 3198 1143 3248 τινος

122 3245 235 3319 πέτρας]
262 3247 338 3304 ‘foria
365 3248 411 3302 έπλ
433 3256 482 3318 τῆς
504 3246 628 3316 Πέτρας’
651 3249 754 3318 Wess.;
780 3250 814 3305 cf.
839 3249 865 3303 H
885 3255 928 3316 48,
944 3257 973 3317 ὃς
998 3250 1032 3304 of.
1051 3250 1142 3306 Reuss

122 3319 198 3374 Hier.
213 3338 237 3373 v.
253 3320 285 3374 K.
304 3338 332 3389 p.
348 3325 381 3374 98
397 3336 421 3373 ο.
433 3325 456 3373 1.
529 3320 547 3373 θ
566 3322 640 3375 διοῐν
658 3321 688 3375 F.
757 3319 792 3375 18
810 3321 919 3376 numeri
937 3322 1062 3390 corrupti
1082 3338 1143 3378 ειεε

122 3391 265 3480 τίδεοῆοη
280 3391 314 3446 cf.
325 3391 452 3459 Droysen
466 3389 492 3443 Π
506 3396 522 3444 2
536 3409 564 3461 p.
575 3398 609 3447 56
624 3407 649 3451 ο,
661 3399 689 3459 23
703 3392 788 3447 Niese
801 3393 815 3446 I
827 3410 855 3461 p.
866 3398 918 3447 301
929 3408 953 3446 ο.
965 3399 989 3446 2.
1043 3392 1078 3448 18
1092 3394 1143 3448 ἀν-

96 3463 349 3606 αγκαῖοί·
369 3459 566 3611 εικῆ]
581 3462 1144 3606 τλάμιιειάεάοιεισι
