2460 3848
449 178 491 234 01.
503 185 602 247 115‚4:
623 185 673 234 31⁷
690 179 789 235 mehr.
1110 186 1127 249 7

109 330 195 390 λεαν
223 324 375 390 θάνατον
404 327 654 408 κατεγίνωσκεν.
705 322 789 391 άλλδ
819 327 883 412 γάρ
912 336 970 411 τής
999 327 1128 411 βύβλου
1167 345 1182 393 9

108 432 229 516 ταύτης
247 433 312 496 σὺν
330 441 399 509 τοῖς
414 432 530 509 άλλοις
550 433 766 518 περιεχούσης
788 433 843 498 καὶ
865 434 928 518 τήν
945 435 1130 520 τυραννίδα

107 541 169 623 τήν
188 534 432 622 Ἀγαθοκλέους
458 537 632 623 ἀφιέμενοι
658 541 696 604 τὸ
724 540 800 626 περί
827 540 929 624 αύτής
954 541 1129 628 προλέγειν

107 647 148 710 τά
184 656 306 731 συνεχή
343 655 413 723 τοῖς
449 646 701 732 προειρημένοις
739 651 987 734 προσθήσομεν,
1025 669 1129 734 παρα-

77 770 89 810 ⁶
107 751 226 830 θέντες
247 753 412 839 πρότερον
435 755 514 830 τοὺς
537 755 680 832 οἰκείους
702 762 742 839 τή
766 763 879 840 γραφή
902 755 1054 841 χρόνους.
1091 754 1129 821 έν
1148 772 1181 821 10

107 859 169 941 μὲν
195 853 259 925 οὖν
286 869 359 937 ταῖς
385 859 637 946 προειρημέναις
665 859 886 925 ὀκτωκαίδεκα
913 864 1044 945 βίβλοις
1071 859 1129 928 άν-

107 965 298 1053 εγράψαμεν
320 967 378 1043 τάς
405 963 470 1032 άπὸ
498 977 566 1033 τῶν
589 964 815 1054 ἀρχαιοτάτων
836 968 969 1054 χρόνων
995 967 1129 1056 πράξεις

106 1074 165 1150 τάς
187 1073 408 1158 γεγενημένας
434 1072 472 1139 έν
494 1083 565 1151 τοῖς
590 1073 843 1160 γνωριζομένοις
865 1074 978 1162 μέρεσι
1000 1086 1059 1160 τής
1081 1077 1127 1141 οί-

106 1179 285 1264 κονμένης,
312 1177 367 1266 ἐφ’
390 1181 472 1246 ὅσον
493 1181 574 1264 ήμίν
597 1180 752 1266 δύναμις,
776 1182 852 1269 άχρι
874 1183 957 1265 πρὸς
979 1183 1039 1247 τὸν
1063 1181 1129 1247 ἑνι-

62 1305 89 1344 10
107 1288 211 1353 αυτὸν
238 1291 298 1353 τὸν
324 1289 390 1374 πρὸ
417 1298 475 1372 τής
497 1284 741 1382 Ἀγαθοκλέους
768 1289 984 1375 τυραννίδος,
1014 1290 1062 1365 είς
1088 1288 1129 1354 δν

107 1393 171 1460 άπὸ
195 1397 315 1481 Τροίας
335 1394 487 1472 ἁλύσεως
505 1391 560 1480 έτη
580 1395 758 1478 συνάγεται
776 1395 953 1461 ὀκτακόσια
971 1395 1129 1481 ἑξήκοντα

107 1499 154 1579 ἒξ·
177 1500 215 1567 έν
238 1501 276 1567 δὲ
298 1501 401 1592 ταύτη
423 1503 485 1586 τήν
509 1501 614 1587 ἀρχήν
633 1499 698 1567 άπὸ
717 1511 775 1585 τῆς
793 1503 990 1581 δυναστείας
1008 1504 1128 1587 ταύτης

106 1609 323 1692 ποιησάμενοι
354 1606 578 1693 καταλήξομεν
612 1610 659 1687 είς
695 1611 757 1694 τήν
794 1607 848 1694 ἐφ’
875 1608 985 1698 Ἱμέρᾳ
1020 1610 1128 1695 μάχην

103 1712 300 1799 Ἀγαθοκλεῖ
318 1717 401 1802 πρὸς
419 1716 688 1801 Καρχηδονίους,
709 1719 945 1802 περιλαβόντες
963 1715 1018 1802 έτη
1038 1716 1126 1782 ἑπτά.

62 1842 87 1882 ιε
174 1819 245 1888 Ἐπ’
269 1823 430 1908 άρχοντος
458 1825 522 1908 γάρ
546 1808 709 1907 Ἀθήνησι
735 1823 953 1907 Δημογένους
977 1822 1166 1905 Ῥωμαῖοιλ

105 1929 167 2012 μέν
189 1929 392 2013 κατέστησαν
410 1929 557 2007 ὑπάτους
575 1930 721 1995 Λεύκιον
739 1930 895 1995 Πλώτιον
917 1931 971 1996 καὶ
990 1930 1127 1995 Μάνιον

109 2035 290 2121 Φούλβιον,
314 2035 519 2121 Ἀγαθοκλῆς
542 2033 572 2100 δ’
595 2036 613 2102 ὁ
637 2039 848 2122 Συρακόσιος
870 2038 1035 2124 τύραννος
1058 2036 1127 2120 ἐγέ-

105 2164 181 2207 νετο
209 2151 267 2226 τής
289 2143 428 2220 πόλεως.
475 2143 570 2209 ἕνεκα
598 2143 636 2208 δέ
657 2151 718 2208 τοῦ
742 2143 947 2230 σαφεστέρας
968 2143 1127 2227 γενέσθαι

104 2251 163 2326 τάς
189 2250 272 2314 κατά
298 2249 397 2336 μέρος
419 2249 553 2336 πράξεις
575 2249 700 2337 βραχέα
722 2251 1028 2336 προαναληψόμεθα
1051 2251 1127 2334 περὶ

60 2377 87 2416 ει
105 2365 165 2421 τοῦ
188 2355 431 2443 προειρημένου
455 2357 633 2422 δυνάστου.
1168 2336 1175 2351 ’

176 2465 345 2546 Καρκῖνος
373 2463 390 2529 ὁ
410 2461 558 2548 Ῥηγῖνος
586 2466 696 2548 φυγάς
723 2467 901 2548 γενόμενος
928 2463 964 2529 ἐκ
986 2472 1043 2547 τής
1066 2483 1160 2530 παι

104 2570 218 2653 τρίδος
248 2570 438 2658 κατῴκησεν
470 2569 507 2636 έν
542 2570 683 2657 Θέρμοις
718 2581 776 2656 τής
808 2574 978 2656 Σικελίας,
1014 2594 1127 2654 τεταγ-

104 2676 206 2761 μένης
222 2686 280 2761 τής
299 2679 425 2754 πόλεως
440 2677 561 2762 ταύτης
577 2677 643 2742 ὑπὸ
658 2679 920 2765 Καρχηδονίους.
952 2677 1127 2760 ἐμπλακεὶς

105 2783 143 2848 δὲ
179 2795 247 2849 τῶν
284 2781 453 2871 ἐγχωρίων
489 2785 556 2849 τινὶ
593 2785 728 2868 γυναικὶ
761 2786 817 2850 καί
849 2788 989 2869 ποιήσας
1021 2784 1125 2869 αὐτήν

176 2977 193 3031 1
207 2977 260 3048 γὰρ
275 2994 329 3032 om.
338 2976 372 3032 X.
401 2975 497 3048 βίβλου
506 2977 528 3030 F
538 2994 656 3047 semper.
693 2975 891 3048 θάφέμενοιΡ
902 2977 988 3048 (quod
998 2977 1125 3044 alioquin

104 3049 229 3117 praefert
247 3049 341 3118 Diod.)
360 3046 509 3118 ἀφιέμενοι
526 3048 584 3103 RX.
625 3047 669 3121 τό]
689 3050 758 3103 ‘nisi
776 3049 928 3118 scripserat
944 3049 1008 3102 ποθ’
1027 3047 1124 3116 Dind.;

105 3122 136 3173 at
154 3120 189 3174 cf.
208 3119 259 3173 XX
278 3125 360 3187 39,1.
417 3116 506 3175 δούν
524 3137 577 3176 om.
592 3120 623 3187 F,
643 3120 707 3176 add.
728 3127 804 3176 και.
858 3120 945 3182 θτδις
963 3122 1124 3188 suspectum

105 3193 148 3245 εεί
165 3191 317 3247 DindorfiO.
391 3191 427 3246 12
448 3192 483 3246 cf.
502 3190 553 3244 XX
572 3197 597 3258 2,
612 3197 636 3245 3.
709 3191 745 3246 16
763 3191 904 3263 Πλώτιον]
925 3192 1071 3246 Πούπλιον
1089 3192 1124 3258 F;

104 3279 174 3316 corr.
195 3269 218 3317 1.
233 3281 269 3318 m.
289 3264 320 3317 in
337 3280 426 3334 marg.
506 3262 541 3318 17
566 3262 715 3334 Φούλβιον]
742 3263 826 3317 aliter
848 3264 905 3317 Liv.
927 3261 966 3316 IX
985 3267 1032 3329 203
1053 3263 1071 3316 f.
1088 3279 1124 3328 c.;

105 3333 139 3388 cf.
154 3333 310 3389 Mommsen
323 3335 355 3390 R.
368 3335 398 3389 F.
413 3335 426 3388 I
439 3353 467 3404 p.
479 3340 531 3389 114
545 3349 570 3388 ο.
582 3339 628 3400 963
647 3335 761 3388 Klimke
779 3335 812 3389 D.
829 3353 856 3389 u.
874 3341 942 3389 rbm.
957 3335 1028 3388 Ann.
1043 3352 1070 3402 p.
1082 3340 1124 3387 24.

104 3407 316 3474 Συρρακούσιος
333 3406 363 3461 F.
432 3406 468 3460 19
485 3403 767 3476 προσαναληψύμεθα
785 3405 864 3473 libri;
884 3423 953 3460 corr.
972 3404 1056 3458 Dind.
1077 3404 1123 3473 (cf.

103 3475 182 3530 XVII
209 3483 234 3544 ὅ,
256 3479 291 3547 δ).
377 3477 412 3532 21
440 3483 584 3545 Καρκῖνος
612 3476 679 3530 libri
709 3493 831 3546 semper3
864 3474 1007 3546 Καρκίνος
1038 3475 1122 3530 Dind.

103 3547 140 3601 22
160 3551 279 3617 Θερμοῑς
292 3548 322 3601 F.
375 3547 412 3602 23
430 3548 598 3618 συμπλακεὶς
612 3547 721 3602 Schaef.
737 3548 794 3603 ind.
811 3548 848 3601 ad
862 3549 978 3617 Dionys.
993 3565 1013 3601 ε,
1024 3565 1048 3601 v.
1065 3548 1124 3600 σύν.
