2460 3848
113 201 156 266 38
461 194 574 251 Diodor.
584 195 648 249 XIX
662 201 784 252 20-22.

113 345 254 428 τηδείων
294 341 434 426 ἀνέλαβε
471 343 533 426 την
569 341 713 425 δύναμιν
749 340 785 407 ἐκ
822 348 881 427 τῆς
915 345 1133 420 κακοπαθίας.

77 467 96 516 2
114 452 260 516 Πίθωνα
282 448 314 515 δ’
330 447 535 527 ἐξαπέστειλε
552 448 710 525 κελεύσας
727 454 920 536 περιελθεῖν
937 457 1049 514 πᾶσαν
1071 452 1135 533 την

113 557 253 641 Μηδίαν
275 557 330 621 καί
354 556 512 640 συνάγειν
535 556 580 633 ὡς
602 557 778 633 πλείστους
802 557 911 633 λππείς
938 579 973 621 τε
995 557 1051 622 καὶ
1073 577 1135 622 πο-

78 666 266 746 3λεμιστὺς
296 663 432 743 ἵππους,
462 659 509 727 ἔτι
540 662 578 729 δὲ
607 661 797 747 ὑποζυγίων
824 667 963 748 πλῆθος.
1009 669 1068 747 τῆς
1095 663 1136 728 δὲ

113 772 220 855 χώρας
251 770 372 854 ταύτης
404 769 455 834 ἀεὶ
487 771 699 854 τετραπόδων
734 770 899 853 γεμούσης
935 769 1058 856 ῥαδίως
1095 771 1135 834 τὸ
1168 791 1180 832 ι

113 875 347 961 παραγγελθὲν
375 875 573 952 συντελέσας
600 876 617 941 ὁ
646 878 770 942 Πίθων
796 872 877 960 ἧκεν
904 876 995 960 ἀγων
1025 877 1136 953 ἵππείς

112 983 174 1066 μέν
215 984 413 1068 δισχιλίους,
459 984 581 1060 ἵππους
622 982 659 1049 δὲ
700 985 764 1048 σὺν
804 992 877 1060 ταῖς
916 993 1135 1060 κατασκευαῖς

112 1092 248 1167 πλείους
274 1091 401 1175 χιλίων,
430 1101 498 1154 τῶν
525 1088 555 1153 δ’
576 1089 767 1174 ὑποζυγίων
795 1098 958 1156 τοσοῦτον
986 1089 1135 1176 ἀριθμὸν

91 1196 196 1261 ’ὥστε
223 1197 392 1262 δύνασθαι
420 1197 623 1262 καθοπλίσαι
650 1205 718 1262 πᾶν
744 1198 782 1262 τὸ
810 1196 1046 1282 στρατόπεδον,
1078 1197 1135 1262 καί

112 1301 248 1388 προσέτι
270 1303 416 1368 τάλαντα
438 1305 639 1369 πεντακόσια
660 1314 728 1369 τῶν
748 1307 930 1387 βασιλικῶν
949 1303 1134 1387 χρημάτων.
1155 1325 1181 1365 ιο

77 1427 93 1474 4
113 1409 131 1474 ὁ
160 1406 190 1473 δ’
209 1408 399 1494 Ἀντίγονος
426 1413 505 1487 τοὺς
531 1409 592 1493 μέν
617 1411 726 1487 ἱππεῖς
749 1412 796 1487 είς
817 1407 924 1487 τάξεις
946 1407 1135 1494 κατέστησε,

113 1519 192 1593 τοὺς
215 1513 245 1580 δ’
264 1517 386 1594 ἵππους
408 1527 478 1594 τοῖς
501 1516 727 1583 ἀπολωλεκόσι
750 1517 887 1594 διαδοὺς
910 1515 966 1581 καλ
990 1517 1028 1581 τὸ
1051 1521 1135 1600 πλῆ-

113 1629 177 1701 θος
207 1634 275 1688 τῶν
306 1623 497 1706 ὑποζυγίων
529 1624 803 1709 διαχαρισάμενος
837 1620 1038 1707 ἀνεκτήσατο
1072 1624 1136 1707 την

114 1731 203 1814 παρδι
226 1740 293 1794 τῶν
316 1740 525 1816 στρατιωτῶν
548 1731 693 1796 εὑνοιαν.
717 1797 718 1801 ,

60 1837 101 1901 21
188 1837 230 1900 Ολ
257 1836 295 1902 δὲ
321 1836 398 1921 περὶ
425 1838 485 1902 τὸν
512 1837 648 1920 Εὐμενῆ
680 1837 843 1923 σατράπαι
873 1836 928 1902 καὶ
957 1837 1136 1922 στρατηγοί
1155 1858 1180 1899 π

113 1943 301 2024 πυθόμενοι
333 1946 412 2021 τοὺς
443 1947 621 2027 πολεμίους
654 1942 692 2010 ἐν
727 1953 767 2030 τῇ
800 1944 920 2035 Μηδία
956 1960 1136 2029 στρατοπε-

113 2050 235 2133 δεύειν,
263 2048 440 2136 διέστησαν
467 2053 551 2137 πρὸς
578 2051 752 2135 ἀλλήλους.
800 2050 954 2135 Εὐμενὴς
981 2049 1042 2133 μέν
1070 2051 1135 2135 γάρ

113 2157 168 2222 καὶ
199 2156 386 2242 Ἀντιγένης
416 2158 434 2223 ὁ
466 2170 534 2224 τῶν
566 2155 826 2245 ἀργυρασπίδων
857 2157 1043 2242 ἡγούμενος
1074 2157 1190 2223 καλ334

112 2264 233 2342 πάντες
265 2266 298 2330 οἵ
329 2267 390 2350 την
423 2265 487 2330 ἀπὸ
519 2264 691 2349 θαλάσσης
723 2263 887 2348 ἀνάβασιν
919 2262 1137 2348 πεποιημένοι

114 2371 214 2436 πάλιν
247 2369 352 2458 ᾤοντο
386 2372 459 2436 δεῖν
491 2369 545 2435 έπῖ
577 2371 748 2436 θάλατταν
779 2373 1003 2455 καταβαίνειν,
1035 2371 1068 2436 ολ
1100 2368 1132 2435 δ’
1155 2392 1182 2432 ιο

114 2474 150 2541 ἐκ
183 2488 252 2541 τῶν
284 2477 352 2542 ἀνω
390 2487 598 2561 σατραπειῶν
633 2479 892 2562 καταβεβηκότες
928 2477 1137 2562 ἀγωνιῶντες

113 2583 198 2664 ὑπὲρ
234 2594 302 2648 τῶν
338 2583 433 2648 ἰδίων
465 2580 595 2668 ἔφασαν
627 2584 700 2649 δεῖν
731 2583 929 2670 ἀντέχεσθαι
965 2595 1033 2650 τῶν
1065 2585 1135 2649 ἀνω

79 2706 94 2755 2
114 2692 234 2756 τόπων.
272 2687 453 2774 αὐξομένης
476 2690 513 2756 δὲ
535 2699 593 2774 τῆς
617 2691 779 2776 διαφοράς
798 2692 953 2776 Εὐμενὴς
976 2691 1065 2776 ὁρῶν
1084 2691 1137 2757 ὅτι

115 2795 344 2882 διαιρεθέντος
361 2806 421 2862 τοῦ
441 2796 666 2883 στρατοπέδου
688 2794 757 2863 κατ’
777 2798 866 2863 ίδίαν
889 2797 1045 2883 ἑκάτερον
1067 2808 1137 2863 τῶν

115 2916 225 2990 μερῶν
258 2902 319 2969 οὐκ
352 2901 530 2990 ἀξιόμαχόν
564 2903 649 2988 ἐστι,
686 2905 896 2990 συνεχώρησε
931 2913 1002 2982 τοίς
1037 2928 1137 2969 κατα·
1156 2925 1183 2966 ει

186 3058 352 3133 ὑΜηδίαν]
373 3059 545 3128 σατραπείαν
563 3062 593 3116 F.
631 3070 800 3133 συναγαγεῖν
819 3062 847 3115 F.
903 3061 1138 3131 4ἵτι-πληθος

116 3151 169 3188 0m.
186 3134 216 3186 F.
280 3132 298 3186 9
316 3130 490 3188 καθοπλίσαι
513 3136 686 3202 suspectum
704 3150 805 3202 parum
823 3132 979 3201 probabilis
998 3132 1138 3202 Droyseni

116 3203 268 3272 explieatio
287 3206 324 3272 (p.
345 3208 488 3272 271a.1);
511 3202 686 3260 καθιππίσαι
708 3205 824 3270 Reisk03
848 3205 952 3259 rectius
975 3204 1137 3274 Madvigius

116 3275 139 3344 (I
157 3292 184 3343 p.
200 3278 263 3344 610)
281 3273 500 3330 καταπλουτίσαι
520 3276 547 3346 (i.
559 3292 581 3329 e.
597 3275 732 3346 ἐμπλῆσαι
751 3272 886 3343 ὠφελείας
903 3275 967 3329 XIX
987 3281 1029 3342 79,
1044 3281 1071 3342 6)
1092 3276 1138 3329 vel

116 3349 342 3416 καταπλουτῆσαι
367 3346 411 3415 (cf.
436 3347 516 3402 Phot.
536 3353 583 3413 413
609 3346 738 3400 Kallenb.
757 3346 857 3400 Philol.
879 3345 994 3401 XXXVI
1016 3364 1044 3415 p.
1064 3349 1136 3410 638).

111 3417 151 3470 12
173 3426 233 3478 τοῖς
255 3417 286 3472 δέ
311 3418 377 3480 τοὺς
402 3417 505 3481 ἵππους
528 3415 716 3473 ἀπολωλεκόσι
733 3418 763 3473 F.
840 3418 875 3474 17
895 3416 945 3472 ἀπ’
962 3418 1086 3486 ἀλλήλων
1105 3418 1137 3485 P,

96 3500 168 3537 cort,
185 3493 209 3540 2,
224 3505 264 3544 m.
279 3489 311 3542 ιἰι
325 3505 419 3561 marg.
467 3490 505 3548 20
522 3490 674 3548 θάλασσαν
686 3489 720 3545 δ.
762 3489 801 3544 ‘II
819 3488 930 3544 ἀνωθεν
944 3489 977 3542 ἵ.
1016 3489 1051 3542 22
1070 3489 1138 3543 ἀντ-

78 3547 240 3614 {mam
271 3559 438 3633 ἀνέχεσθαι
446 3565 480 3622 F.
530 3564 570 3622 24
584 3561 772 3634 ἑκατέρωνῖ.
813 3560 853 3615 ἵιῑ)
867 3556 1019 3626 ἀξιόμαχος
1027 3558 1147 3610 Im.
