2460 3848
92 188 136 254 80
452 180 641 238 Diodor.X1X
655 187 697 237 ιο.
708 188 751 238 ιι.

92 331 239 408 ἅπαντας
257 332 335 407 τοὺς
353 330 643 413 αὐτομολήσαντας
659 328 715 393 καί
729 328 977 413 φιλανθρώπως
990 328 1113 414 χρησά-

91 461 190 521 μενος
218 435 444 502 διαπέστειλεν
473 435 528 502 έπί
555 437 613 512 τάς
639 437 764 513 πόλεις·
800 436 913 518 ηλπιζε
935 437 999 520 γάρ
1022 438 1113 522 παρά

91 546 220 610 τούτων
247 542 462 626 πυθομένους
489 545 568 620 τοὺς
589 542 791 618 Μακεδόνας
812 543 874 626 τὴν
893 538 1114 626 Ὀλυμπιάδος

57 648 274 717 σάσθένειαν
303 647 477 716 ἀπελπιεῖν
507 648 608 733 αὐτῆς
636 650 677 714 τδι
706 647 889 734 πράγματα.
935 649 976 715 ού
1006 661 1114 727 κακῶς

93 754 123 822 δ’
160 757 264 822 αὐτοῦ
299 754 546 842 στοχασαμένου
578 754 655 840 περί
686 764 746 820 τοῦ
778 754 956 838 μέλλοντος
988 759 1021 822 οὶ
1052 757 1115 839 μὲν
1147 777 1159 817 ι

92 864 379 947 συναγωνίζεσθαι
402 863 617 948 διεγνωκότες
638 871 709 939 τοίς
726 861 1021 947 πολιορκουμένοις
1040 886 1115 946 μετ·

93 972 236 1055 ενόησαν
265 971 320 1036 καί
349 972 433 1053 πρὸς
459 969 663 1055 Κάσανδρον
696 965 924 1053 ἀπεχώρησαν,
951 971 1049 1053 μόνοι
1077 970 1116 1036 δὲ

92 1087 159 1143 τών
177 1076 215 1144 έν
230 1077 429 1165 Μακεδονία
446 1079 508 1162 την
526 1077 662 1142 εύνοιαν
681 1074 885 1161 διεφύλαξαν
901 1072 1116 1161 Ἀριστόνους

92 1184 148 1250 καί
157 1185 321 1268 Μόνιμος,
336 1179 384 1249 ὧν
393 1181 607 1270 Ἀριστόνους
620 1182 681 1266 μὲν
691 1180 918 1268 Ἀμφιπόλεως
931 1180 1115 1269 ἐκυρίευεν,

57 1291 111 1356 4δ
135 1290 166 1356 δ’
188 1291 298 1378 ἕτερος
320 1290 460 1376 Πέλλης.
505 1292 525 1375 η
550 1287 580 1355 δ’
604 1286 783 1373 Ὀλυμπιὰς
810 1288 921 1376 δρώσα
947 1292 1026 1367 τοὺς
1053 1290 1160 1373 μένω

92 1399 228 1475 πλείους
257 1397 502 1481 μεταθεμένους
529 1398 612 1483 πρὸς
637 1397 851 1482 Κάσανδρον,
878 1400 957 1474 τοὺς
979 1393 1010 1461 δ’
1032 1396 1116 1463 ύπο-

93 1505 231 1582 λοίπους
254 1516 321 1570 τών
345 1507 454 1589 φίλων
474 1504 536 1570 οὐκ
556 1504 732 1589 ἰσχύοντας
749 1508 902 1590 βοηθεῖν,
925 1503 1116 1589 ἐπεχείρησε

93 1615 238 1697 πεντήρη
265 1620 353 1677 ναῦν
379 1620 551 1677 κατασπᾶν
573 1611 629 1676 καί
652 1610 851 1695 διὰταύτης
875 1610 980 1696 αὑτην
1002 1633 1037 1676 τε
1060 1612 1116 1677 καί

58 1721 171 1795 σιούς
195 1719 315 1803 φίλους
338 1719 461 1798 σώζειν.
501 1718 688 1801 αὐτομόλου
712 1717 753 1784 δέ
771 1742 862 1795 τινος
880 1719 918 1783 τὸ
936 1719 1116 1801 γινόμενον

92 1822 353 1908 ἀπαγγείλαντος
382 1835 452 1902 τοῖς
480 1827 650 1908 πολεμίοις
679 1825 697 1890 ὁ
728 1825 789 1908 μὲν
817 1823 1017 1910 Κάσανδρος
1046 1823 1117 1891 έπι-
1135 1845 1160 1887 ιε

93 1932 238 2009 πλεύσας
265 1930 436 2018 ἐκυρίευσε
464 1940 524 1998 τοῦ
548 1933 712 2017 σκάφους,
734 1932 754 2015 η
780 1927 810 1995 δ’
834 1926 1012 2014 Ὀλυμπιάς
1035 1931 1116 1998 άπο·

93 2048 222 2123 γνοῦσα
253 2041 293 2105 τά
325 2039 403 2106 καθ’
432 2039 537 2124 αὑτὴν
567 2037 721 2124 πρέσβεις
750 2035 909 2120 ἐξέπεμψε
938 2039 1015 2121 περὶ
1045 2039 1117 2104 δια·

95 2147 231 2212 λύσεων.
283 2145 437 2229 οἰομένου
471 2145 509 2211 δὲ
541 2146 613 2210 δεῖν
643 2153 702 2210 τοῦ
730 2144 934 2227 Κασάνδρου
964 2147 1005 2210 τά
1034 2145 1112 2212 καθ’

94 2254 199 2339 αὑτὴν
226 2252 414 2339 ἐπιτρέπειν
440 2254 536 2336 μόγις
558 2248 689 2317 ἔπεισεν
711 2251 795 2316 ὥστε
817 2252 925 2336 μόνην
947 2249 1117 2338 ἐξαίρετον

58 2364 210 2443 σλαβείν
241 2362 304 2445 την
334 2367 394 2424 τοῦ
427 2359 576 2441 σώματος
606 2358 799 2443 ἀσφάλειαν.
849 2357 1049 2443 Κάσανδρος
1079 2359 1117 2425 δὲ
1135 2383 1160 2423 εο

93 2467 271 2552 κυριεύσας
298 2475 356 2550 τῆς
382 2466 509 2541 πόλεως
535 2463 694 2548 ἐξέπεμψε
716 2468 795 2542 τοὺς
818 2464 1117 2551 παραληψομένους

59 2576 156 2657 ττην
185 2595 219 2638 τε
247 2571 383 2638 Πέλλαν
412 2572 467 2637 καί
496 2573 558 2656 τὴν
584 2571 790 2657 Ἀμφίπολιν.
842 2571 860 2638 δ
887 2571 949 2655 μὲν
972 2566 1036 2637 οὖν
1058 2583 1117 2658 της

95 2678 226 2763 Πέλλης
248 2678 414 2763 κυριεύων
437 2680 592 2762 Μόνιμος
615 2678 759 2757 ἀκούσας
781 2679 821 2744 τά
845 2679 1017 2762 συμβάντα
1040 2680 1117 2762 περὶ

94 2788 155 2871 την
175 2782 378 2867 Ὀλυμπιάδα
400 2785 570 2872 παρέδωκε
588 2787 650 2870 τὴν
668 2788 779 2852 πόλιν·
807 2786 825 2851 ὁ
850 2783 880 2850 δ’
904 2782 1116 2871 Ἀριστόνους

93 2893 132 2958 τὸ
155 2890 216 2975 μὲν
238 2902 372 2976 πρώτον
394 2892 593 2977 ἀντέχεσθαι
615 2903 682 2958 τῶν
705 2892 906 2978 πραγμάτων
934 2893 1117 2978 διεγνώκει,
1135 2915 1158 2956 ει

95 2999 295 3084 στρατιώτας
326 3022 361 3064 τε
390 3002 534 3085 συχνοὺς
566 2996 651 3083 έχων
682 3000 738 3065 καί
769 2998 969 3085 προσφάτως
1001 3000 1117 3084 εύημε-

96 3105 215 3191 ρηκώς·
259 3105 385 3189 ὀλίγαις
423 3108 487 3192 γάρ
526 3103 718 3191 ἔμπροσθεν
756 3106 892 3193 ἡμέραις
932 3104 1118 3191 παραταξά-

94 3235 194 3294 μενος
238 3214 322 3299 πρὸς
366 3213 425 3278 τὸν
466 3212 670 3296 Κασάνδρου
714 3215 898 3299 στρατηγὸν
939 3212 1117 3299 Κρατεύαν

169 3406 183 3461 7
210 3406 264 3461 όπε
283 3406 405 3478 ώρησαν]
435 3403 585 3461 ἀπέκλινον
608 3407 638 3461 F.
721 3406 755 3461 11
780 3403 987 3476 μεταθεμένους
1012 3423 1066 3461 om.
1086 3406 1116 3461 F.

75 3473 121 3525 18
141 3476 238 3545 αάτήν
288 3521 294 3533 .
378 3476 414 3535 Ῑό
439 3475 591 3550 γενόμενον
616 3477 647 3534 F.
723 3477 759 3536 18
784 3475 913 3548 οἰομένης
938 3478 969 3532 δὲ
995 3480 1056 3533 δεῖν
1081 3482 1117 3558 τᾷ

9 3578 12 3583 .
59 3542 235 3619 Κασάνδρῳ
255 3549 296 3605 τά
312 3549 392 3609 καθ’
407 3553 501 3626 αὑτὴν
523 3551 614 3623 ἐπιτρ.
632 3551 665 3608 δ.
