2460 3848
439 211 592 277 01.118‚2:
612 215 663 265 σοι
679 209 778 266 ποτε.
1051 213 1117 280 259
1183 230 1187 240 ·

98 360 177 435 τοὺς
208 355 434 439 καλουμένους
459 355 733 441 Ἀσφοδελώδεις,
766 357 865 433 ὄντας
895 368 941 443 τῷ
974 357 1118 443 χρώματι

98 467 349 549 παραπλησίους
370 472 441 539 τοίς
460 464 614 542 Αδθίούι.
653 461 769 548 τρίτην
792 462 822 528 δ’
840 455 907 529 εἷλε
929 463 1118 549 Μεσχέλαν,
1137 482 1153 530 6

97 573 256 656 μεγίστην
280 566 397 654 οὖσαν,
420 569 607 659 ᾠκισμένην
630 570 668 635 δέ
689 571 727 635 τὸ
750 571 893 636 παλαιὸν
910 569 977 636 ὑπὸ
996 580 1064 635 τῶν
1082 569 1119 636 ἐκ

103 681 222 764 Τροίας
241 677 527 761 ἀνακομιζομένων
542 675 721 761 Ἑλλήνων,
744 678 821 763 περὶ
840 672 944 742 ὧνέν
961 685 1001 763 τή
1024 679 1118 768 τρίτη

67 788 204 872 ιβίβλφ
227 788 480 871 προειρήκαμεν,
504 782 577 868 έξής
600 783 638 848 δέ
660 785 721 868 τήν
745 783 990 868 ὀνομαζομένην
1013 785 1119 870 ἀκραν

91 888 211 957 Ἵππου
234 893 296 976 τήν
319 891 497 974 ὁμώνυμον
519 899 560 976 τή
584 892 784 980 χειρωθείση
810 892 893 956 κατὰ
917 890 1037 977 κρότος
1058 890 1116 956 ὑπ’

94 997 337 1081 Ἀγαθοκλέους
372 998 428 1064 καὶ
464 1000 656 1063 τελευταίαν
690 999 752 1082 τήν
783 998 1119 1084 προσαγορευομένην

96 1106 229 1190 Ἀκρίδα
256 1107 355 1170 πόλιν
382 1104 579 1188 αὐτόνομον,
608 1106 651 1189 ήν
678 1103 1042 1189 ἐξανδραποδισάμενος
1069 1103 1119 1183 ἐξό

99 1211 201 1277 έδωκε
228 1221 298 1290 τοῖς
322 1211 536 1297 στρατιώταις
559 1211 747 1296 διαρπάσαι.
794 1209 964 1296 ἐμπλήσας
984 1209 1014 1277 δ’
1032 1213 1118 1298 ὠφε-
1128 1213 1170 1279 58

54 1341 80 1380 το
98 1320 188 1395 λείας
223 1319 261 1384 τὸ
298 1318 524 1404 στρατόπεδον
555 1317 676 1402 κατέβη
713 1317 797 1402 πρὸς
832 1320 911 1395 τούς
947 1318 1024 1404 περί
1059 1320 1120 1384 τὸν

94 1422 305 1510 Ἀρχάγαθον
332 1425 388 1491 καί
416 1423 514 1503 δόξας
541 1425 670 1508 ἀγαθὸς
699 1422 783 1509 ἀνήρ
814 1423 989 1509 γεγονέναι
1017 1424 1119 1491 πόλιν

98 1531 315 1616 ἐστράτευσεν
338 1534 386 1609 είς
412 1533 492 1608 τοὺς
517 1531 586 1596 ἀνω
609 1541 667 1615 τής
689 1531 819 1615 Λιβύης
841 1533 973 1608 τόπους.
1017 1531 1119 1616 ὑπερ.-

97 1639 210 1721 βαλὼν
243 1639 280 1704 δὲ
310 1640 369 1716 τὰς
400 1640 513 1715 πόλεις
545 1632 593 1702 ὧν
622 1639 786 1722 πρότερον
816 1636 964 1722 ἐγεγόνει
990 1638 1118 1739 κύριος,

97 1745 335 1829 παρεισέπεσεν
372 1747 420 1822 είς
459 1746 521 1829 τήν
557 1743 766 1829 καλουμένην
802 1746 973 1830 Μιλτινὴν
1008 1748 1118 1830 πόλιν,

53 1873 79 1913 τι
98 1851 354 1937 ἀπροσδοκήτως
381 1850 565 1936 ἐπιφανείς·
598 1850 858 1936 συστραφέντων
888 1849 927 1916 δ’Ι
942 1850 994 1917 ἐπ’
1010 1852 1152 1918 αύτδνκ

97 1969 164 2023 τῶν
196 1959 376 2043 βαρβάρων
407 1960 462 2024 καλ
498 1957 734 2043 κρατησάντων
766 1956 803 2023 ἐν
835 1968 907 2035 ταῖς
943 1958 1034 2037 ὁδοῖς
1069 1958 1119 2037 ἐξ·

98 2066 225 2148 εβλήθη
254 2068 450 2150 παραλόγως
475 2066 531 2130 καί
559 2068 704 2140 πολλοὺς
731 2075 800 2130 τῶν
824 2069 1033 2150 στρατιωτῶν
1057 2066 1118 2131 ἀπ-

98 2170 224 2251 έβαλεν.
284 2170 445 2237 ἐντεῦθεν
481 2172 513 2236 δ’
544 2169 722 2250 ἀναζεύξας
760 2181 907 2257 προῆγεν
943 2171 988 2236 δι’
1018 2172 1119 2258 όρους

97 2276 229 2361 ὑψηλοῦ
252 2282 459 2363 παρήκοντος
482 2277 536 2344 ἐπὶ
559 2279 716 2355 σταδίους
738 2279 944 2362 διακοσίους,
971 2282 1119 2363 πλήρους

53 2407 79 2447 νο
98 2384 130 2447 δ’
147 2383 244 2461 όντος
262 2385 440 2469 αἰλούρων,
463 2383 500 2450 ἐν
519 2376 547 2473 ᾧ
566 2385 742 2469 συνέβαινε
760 2384 866 2469 μηδὲν
884 2385 968 2462 όλως
991 2386 1118 2470 πτηνὸν

97 2492 283 2556 νεοττεύειν
312 2495 392 2576 μήτε
422 2491 477 2557 ἐπλ
505 2501 576 2569 τοῖς
603 2492 757 2579 δένδρεσι
784 2495 864 2576 μήτε
891 2490 929 2557 ἐν
956 2502 1027 2570 ταῖς
1055 2493 1118 2578 φοί-

99 2596 193 2681 ραγξι
220 2598 277 2663 διδι
303 2600 365 2683 τήν
388 2598 624 2685 ἀλλοτριότητα
651 2610 719 2665 τῶν
742 2597 991 2684 προειρημένων
1017 2596 1117 2688 ζῴων.

98 2705 245 2770 διελθὼν
272 2705 310 2771 δέ
336 2708 398 2791 τήν
425 2707 560 2791 ὀρεινήν
589 2706 713 2790 ταύτην
743 2704 901 2788 ἐνέβαλεν
930 2707 978 2783 είς
1006 2706 1152 2791 χώρανε

169 2861 185 2916 l
204 2864 426 2935 Ἀσφοδελώδεις]
447 2862 480 2917 of.
501 2863 602 2918 Tissot.
621 2863 639 2918 l.
654 2861 673 2917 l.
728 2861 917 2933 2Μεσχύλαν
935 2864 970 2931 F3
989 2865 1062 2933 ign.;
1082 2863 1117 2916 ef.

98 2934 198 2988 Tissot.
213 2933 260 2989 l.l.
315 2934 333 2988 4
352 2935 382 2989 ἐν
400 2940 434 3007 τῇ
451 2932 530 3007 τρίτη
548 2932 645 3007 βίβλῳ]
664 2936 742 2988 tacet
760 2935 795 2988 de
814 2937 854 2988 eis
868 2950 965 2988 revera
978 2933 1118 2988 Diodorus

98 3005 222 3075 (νέοιο),
242 3005 271 3060 ἐν
290 3011 323 3078 τῇ
342 3002 446 3078 ἑβδόμη
465 3007 508 3130 βλ
528 3006 613 3062 Dind.
633 3005 678 3074 (cf.
696 3005 748 3060 VH
767 3008 801 3074 7).
873 3005 894 3059 5,
912 3004 987 3073 ἀκρα
1003 3001 1117 3076 Ἵππον]

98 3078 133 3131 ef.
152 3075 203 3129 XX
223 3081 265 3143 55,
281 3083 310 3144 33
331 3076 448 3131 Meltzer
495 3095 523 3146 p.
538 3081 599 3131 402.
674 3077 865 3131 ίτιλενταῑον
883 3077 913 3130 F.
959 3075 1010 3144 τὴν
1032 3092 1119 3143 προσ-

98 3145 304 3217 αγορευομένην
326 3146 447 3220 Ἀκρίδα]
475 3149 510 3204 cf.
531 3147 691 3202 Wilmanns
710 3146 867 3203 GJL.V111
884 3165 911 3215 p.
928 3153 992 3214 1473
1016 3146 1117 3201 Tissot.

97 3219 303 3289 1.l.11p.286.
354 3217 547 3288 8αύτόνομον
563 3217 610 3292 ἣν]
630 3216 875 3288 αύτονομονμένην
888 3219 918 3272 F.
969 3217 1006 3272 14
1018 3220 1118 3273 Μιλτι-

98 3293 201 3426 Ξέίςέξ·
217 3291 453 3428 ἶίιῃύῖἱῖἶίέίζ
466 3290 492 3414 δ
510 3289 887 3425 Μιλῗάέῖιῖἳδὲῗοειῖ
905 3289 1118 3415 {fasgam-

99 3438 123 3485 3.
137 3449 187 3486 m.:
207 3432 272 3501 ὅρος
289 3437 391 3503 πλῆρες
409 3434 556 3502 αἰλούρων.
615 3383 758 3502 δδμηδὲύ
774 3431 844 3494 ὅλως
860 3403 987 3509 πτηνόν
1005 3432 1083 3508 μηδὲ
1114 3447 1132 3474 ’ν

97 3500 204 3571 πτηνὸν
222 3505 253 3559 F.
325 3506 360 3560 21
377 3503 441 3576 μήτ’
460 3504 506 3561 ἐπὶ
523 3503 649 3565 Κωρλλτετ
666 3509 780 3576 βω.
827 3503 879 3572 ἐν]
898 3501 950 3554 ἐπὸ.
964 3498 1002 3548 Xx
1015 3504 1162 3554 mm*-

92 3573 197 3628 Ιίείελτο
215 3575 261 3642 (cf.
280 3575 323 3630 HI
340 3582 383 3648 10,
401 3581 435 3651 6),
511 3578 552 3636 28
571 3579 603 3636 δὲ
624 3576 735 3635 omffi.

965 3662 1027 3717 W*
