2460 3848
353 210 357 217 .
433 166 476 222 01.
487 172 586 233 115‚4:
607 172 658 221 οτι
673 183 699 221 a.
709 165 772 221 chr.
1068 169 1111 234 25

93 321 190 398 εχοῶς
207 314 311 379 τόπου
330 312 550 395 λιμνάσαντος
568 309 804 378 ἐκινδύνευσεν
822 311 911 377 ἅπαν
927 310 1113 378 ἀπολέσθαι

92 421 130 487 τὸ
163 420 388 505 στρατόπεδον
419 419 485 486 ὑπὸ
516 429 574 504 τής
605 422 742 504 πλήμης.
794 417 926 503 ἐκείνην
956 419 1018 502 μὲν
1050 413 1147 485 ούνσ

92 528 154 612 τήν
185 525 312 613 ήμέραν
343 523 478 610 ἔμειναν
513 523 567 611 ἐφ’
598 527 751 611 ἡσυχίας,
787 525 1012 611 ἀπορούμενοι
1043 536 1112 603 πῶς

92 633 254 720 χρηστέον
282 643 352 711 τοῖς
381 633 562 720 πράγμασι·
592 643 633 720 τῇ
664 629 694 697 δ’
719 631 878 720 ὑστεραία
904 633 1113 718 παραστησά-

61 767 73 808 ε
92 764 187 824 μενοι
208 742 250 806 τά
271 741 419 807 κοντωτὰ
442 746 556 824 πλοία,
583 741 660 827 περὶ
687 741 859 826 τριακόσια
882 740 943 804 τὸν
965 738 1113 825 ἀριθμὸν

92 847 188 931 όντα,
216 846 413 930 διεβίβασαν
438 848 477 912 τὸ
500 847 677 933 κράτιστον
698 856 757 931 τής
779 846 951 929 δυνάμεως
973 846 1113 923 οὐδενὸς

92 958 379 1039 παρενοχλοῦντος
407 955 490 1019 κατά
518 955 580 1039 τήν
610 951 759 1037 ἔκβασιν·
790 955 823 1019 οἱ
851 954 915 1038 γάρ
946 952 1023 1039 περὶ
1049 951 1112 1019 Σέ-

92 1067 213 1128 λευκον
250 1062 360 1138 λππείς
395 1063 501 1144 μόνον
537 1054 628 1145 εἶχον
663 1060 719 1126 καλ
754 1061 894 1136 τούτους
925 1062 1011 1125 πολὺ
1043 1069 1113 1136 τοῖς

91 1167 249 1254 ἀριθμοῖς
276 1167 492 1250 λειπομένους
517 1177 585 1232 τῶν
612 1165 782 1233 ἐναντίων.
832 1168 953 1244 νυκτὸς
982 1166 1020 1232 δέ
1048 1167 1148 1251 ήδη4

47 1299 74 1340 ιο
91 1274 408 1358 καταλαμβανούσης
425 1274 579 1358 Εύμενής
596 1274 658 1357 μέν
676 1273 830 1357 ἀγωνιῶν
848 1273 933 1359 ύπέρ
951 1281 1010 1357 τής
1032 1273 1113 1339 ἀπο-

92 1391 211 1466 σκευῆς
238 1379 339 1446 πάλιν
367 1381 415 1457 είς
436 1380 584 1446 τούπίσω
609 1381 778 1463 διεβίβασε
800 1382 879 1458 τούς
902 1380 1112 1463 Μακεδόνας,

91 1487 353 1573 εἰσηγησαμένου
377 1486 418 1553 δέ
437 1511 528 1565 τινος
551 1497 619 1552 τῶν
641 1485 811 1573 ἐγχωρίων
833 1485 1010 1570 ἐπεβάλετό
1037 1510 1112 1552 τινα

91 1597 196 1660 τόπον
216 1593 468 1678 ἀνακαθαίρειν,
492 1593 535 1658 δι’
553 1593 594 1658 ού
618 1593 735 1682 ῥᾴδιον
756 1591 800 1679 ήν
823 1593 1029 1680 ἀποστρέψαι
1050 1595 1112 1679 τήν

91 1702 241 1787 διώρυγα
258 1701 313 1766 καλ
332 1700 475 1783 βάσιμον
492 1701 733 1766 κατασκευάσαι
750 1703 812 1786 τήν
831 1702 973 1785 πλησίον
990 1700 1111 1788 χώραν.

46 1830 72 1871 τε
91 1809 112 1874 ἃ
131 1810 176 1894 ’δή
196 1808 390 1886 συνιδόντες
414 1809 447 1873 ολ
469 1807 545 1892 περὶ
563 1805 733 1873 Σέλευκον
751 1810 806 1874 καί
829 1810 1028 1892 βουλόμενοι
1050 1811 1112 1894 τήν
1130 1826 1146 1874 5

90 1918 249 2000 ταχίστην
278 1915 401 1993 αὐτούς
431 1913 468 1980 ἐκ
496 1923 555 1998 τής
586 1914 672 1991 ίδίας
701 1918 900 2000 σατραπείας
929 1913 1112 1993 ἀπαλλάξαι

91 2021 245 2109 πρέσβεις
268 2021 465 2087 ἀπέστειλαν
481 2020 567 2108 ὑπὲρ
590 2021 732 2106 ἀνοχῶν,
756 2025 1028 2107 συγχωρήσαντες
1050 2022 1112 2107 τήν

91 2128 256 2211 διάβασιν.
293 2128 380 2194 εύδύ
400 2128 437 2193 δέ
457 2129 512 2193 καί
535 2130 787 2214 βυβλιαφόρους
809 2128 1005 2195 ἀπέστειλαν
1028 2131 1111 2214 πρὸς

87 2233 281 2319 Ἀντίγονον
317 2236 365 2312 είς
401 2237 675 2319 Μεσοποταμίαν,
715 2233 886 2313 ἀξιοῦντες
920 2235 1014 2320 ήκειν
1050 2237 1111 2319 τήν

45 2367 72 2407 ιο
90 2343 248 2427 ταχίστην
274 2344 355 2425 μετά
382 2352 439 2428 τής
463 2342 648 2426 δυνάμεως,
676 2342 800 2428 πρλνή
828 2346 1011 2427 καταβῆναι
1033 2345 1111 2420 τοὺς

91 2449 259 2534 σατράπας
289 2451 370 2532 μετδι
400 2461 469 2515 τῶν
500 2449 684 2533 δυνάμεων.
738 2450 893 2534 Εὐμενής
924 2450 962 2515 δὲ
994 2450 1145 2532 διαβάςσ

89 2558 150 2622 τὸν
178 2559 295 2642 Τίγριν
317 2556 372 2622 καί
395 2559 663 2642 παραγενόμενος
686 2558 733 2634 είς
756 2558 818 2642 τήν
841 2558 1036 2641 Σουσιανὴν
1063 2559 1111 2635 είς

90 2664 166 2748 τρία
197 2663 279 2749 μέρη
312 2663 414 2729 διεῖλε
449 2665 511 2749 τήν
547 2664 692 2747 δύναμιν
729 2665 785 2729 διὰ
820 2665 882 2749 τήν
917 2672 978 2729 τοῦ
1015 2666 1109 2729 σίτου

90 2769 222 2835 σπάνιν.
277 2768 556 2856 ἐπιπορευόμενος
592 2771 630 2836 δὲ
663 2771 725 2856 τήν
756 2771 868 2857 χώραν
899 2773 981 2836 κατὰ
1012 2770 1111 2855 μέρος

45 2901 72 2944 ιι
91 2877 186 2942 σίτου
204 2877 266 2959 μὲν
284 2883 453 2954 παντελῶς
475 2875 658 2961 ἐσπάνιζεν,
681 2877 804 2962 ’όρυζαν
823 2878 861 2943 δὲ
882 2878 938 2943 καλ
961 2880 1110 2962 σήσαμον

90 2983 145 3049 καλ
161 2985 301 3068 φοίνικα
320 2983 456 3050 διέδωκε
474 2993 544 3062 τολς
560 2985 787 3070 στρατιώταις,
806 2984 953 3064 δαψιλῶς
971 2981 1111 3068 ἐχούσης

163 3178 179 3233 l
199 3177 376 3236 ἐκινδύνευσε
395 3181 445 3250 μέν
464 3181 493 3235 F.
567 3180 584 3235 2
607 3183 672 3251 post
695 3176 883 3250 στρατόπεδον
901 3180 943 3236 ita
961 3181 1056 3252 pergit
1074 3182 1108 3236 P:

91 3250 124 3305 ού
150 3250 205 3319 μήν
230 3249 289 3306 ἀλλ’
313 3249 368 3307 δπδ
391 3261 440 3323 τῆς
462 3253 589 3322 πλύμμης
610 3249 744 3321 ύστέρουν
767 3250 939 3323 ὑπάρχοντες
957 3252 1110 3323 ἐκπεπληγ-

89 3319 170 3391 μένοι
191 3318 223 3376 τὸ
247 3322 417 3391 παράδοξον.
452 3322 563 3393 ἐκείνην
586 3326 639 3378 ete.
663 3325 698 3378 cf.
717 3323 808 3378 XVIII
827 3330 869 3390 73,
885 3329 908 3378 3.
989 3324 1024 3378 12
1047 3324 1109 3378 έπε-

90 3391 189 3462 βάλιτο
208 3393 238 3460 F,
264 3395 455 3464 suprascripsso
482 3396 570 3451 alssero
590 3398 604 3449 λ
623 3411 647 3449 ο.
668 3413 721 3450 sec.
741 3412 778 3450 m.
857 3395 895 3450 15
917 3392 1125 3452 τυνῶότεςῖ..

87 3462 127 3586 ἐξ
153 3465 242 3588 εύχδύς
268 3465 314 3590 RF
360 3467 492 3539 βνβλιαφ.
521 3467 559 3538 R3
593 3469 653 3525 οσέλ)
697 3469 830 3543 βιβλιαψ.
918 3465 962 3519 Ϋδ
993 3463 1080 3529 *ww
1103 3457 1148 3502 δ’

142 3554 180 3600 φο
192 3555 273 3599 νικας
312 3579 318 3591 ,
