2460 3848
461 141 800 258 0111e‚42³13a.0hr.
959 167 962 172 ’
1077 179 1140 243 119

121 322 179 399 τάς
206 321 318 397 πόλεις
341 317 547 405 ἐλευθεροῦν
574 317 770 385 ἐνετείλατο
798 328 897 385 τοῦτο
925 320 989 405 γάρ
1017 319 1142 406 πράξας

120 430 234 512 ἤλπιζε
268 428 381 492 πίστιν
410 426 663 506 κατασκευάζειν
692 427 783 512 παρά
812 435 882 504 τοίς
902 422 1061 510 Ἕλλησιν
1091 428 1142 494 ὅτι

121 535 205 620 πρὸς
234 530 397 618 ἀληθειαν
427 536 597 619 φροντίζει
625 542 683 618 τῆς
713 532 912 616 αὐτονομίας
935 534 1057 617 αὐτῶν,
1086 535 1142 600 καί

121 641 187 723 άμοι
229 641 406 725 γινώσκειν
448 639 593 723 ὑπέλαβε
636 641 677 704 τὰ
714 640 919 726 Κασάνδρου
958 641 1140 727 πράγματα.

90 747 138 813 τό
167 747 205 813 δὲ
232 748 439 832 Τελεσφόρος
466 745 579 831 ἐπειδὴ
603 746 738 831 τάχιστα
760 746 983 813 κατέπλευσεν
1006 749 1053 825 εἰς
1080 749 1176 833 τηνε

120 856 395 938 Πελοπόννησον,
423 851 550 938 ἐπῆλθε
572 854 630 930 τάς
652 852 709 918 ὑπ’
728 849 947 940 Ἀλεξάνδρου
972 879 1142 941 φρουρου-

119 960 220 1042 μένας
249 962 362 1037 πόλεις
390 959 446 1026 καί
475 960 582 1037 πάσας
610 959 823 1047 ἠλευθέρωσε
852 963 940 1047 πλην
967 966 1163 1040 Σικυῶνος-

119 1067 175 1132 καί
193 1069 384 1153 Κορίνθου·
413 1065 451 1132 ἐν
477 1066 613 1145 ταύταις
635 1069 698 1154 γάρ
722 1067 952 1154 Πολυπέρχων
976 1067 1142 1154 διέτριβεν

120 1158 277 1256 δυνάμεις
314 1173 418 1259 άδρδις
454 1170 539 1258 έχων
569 1175 626 1240 καί
657 1175 823 1240 πιστεύων
855 1176 989 1252 ταύταις
1020 1198 1055 1241 τε
1086 1176 1141 1242 καί

75 1302 101 1342 ιο
119 1289 191 1357 ταῖς
213 1291 281 1346 τῶν
298 1281 411 1346 τόπων
429 1280 636 1367 ὀχυρότησιν.
674 1281 740 1364 άμα
758 1281 796 1347 δὲ
813 1282 944 1360 τούτοις
961 1281 1142 1368 πραττομέ-
1160 1268 1177 1349 ε

119 1410 191 1464 νοις
226 1388 392 1464 Φίλιππος
425 1387 490 1452 ὑπὸ
523 1388 728 1474 Κασάνδρου
760 1390 927 1474 πεμφθείς
960 1391 1142 1475 στρατηγὸς

119 1495 167 1571 εἰς
195 1495 256 1560 τὸν
285 1496 369 1580 πρὸς
394 1495 569 1571 Αἰτωλοὺς
598 1498 744 1578 πόλεμον
767 1496 811 1573 ὡς
832 1493 965 1581 τάχισθ’
991 1491 1071 1579 ἧκεν
1094 1497 1142 1573 εἰς

118 1603 180 1685 τὴν
199 1600 420 1687 Ἀκαρνανίαν
450 1603 531 1683 μετά
561 1612 619 1686 της
648 1602 837 1688 δυνάμεως,
864 1604 901 1668 τὸ
924 1603 986 1685 μέν
1008 1613 1142 1689 πρώτον

118 1706 280 1794 ἐπεχείρει
321 1713 492 1792 λεηλατεῖν
532 1710 594 1793 την
629 1710 810 1793 Αἰτωλίαν,
846 1708 916 1791 μετ’
951 1710 1067 1794 ὀλίγον
1103 1710 1142 1776 δὲ

74 1835 100 1876 ιε
118 1816 311 1896 πυθόμενος
329 1816 497 1900 Αἰακίδην
519 1816 579 1882 τὸν
594 1815 801 1901 Ἠπειρώτην
824 1817 871 1893 εἰς
889 1817 950 1900 την
968 1818 1141 1901 βασιλείαν

117 1924 368 2006 κατεληλυθότα
401 1922 457 1989 καί
490 1922 635 2005 δύναμιν
667 1923 774 2009 ἁδράν
806 1925 1055 2007 συνηθροικότα
1086 1947 1142 1989 τα-

118 2028 201 2113 χέως
236 2029 389 2115 ὥρμησεν
426 2026 477 2096 ἐπ’
516 2030 632 2096 αὐτόν·
670 2027 809 2096 ἔσπευδε
845 2031 909 2115 γάρ
946 2027 1016 2094 κατ’
1052 2030 1141 2096 ἰδίαν

119 2136 386 2219 διαγωνίσασθαι
422 2136 504 2223 πρίν
540 2136 560 2222 ἣ
599 2134 756 2220 συμμίξαι
787 2138 850 2222 την
881 2147 949 2203 τών
980 2138 1141 2203 Αἰτωλῶν

119 2243 272 2323 δύναμιν.
332 2243 441 2330 εὑρὼν
482 2244 521 2309 δέ
556 2247 635 2322 τοὺς
667 2243 870 2330 Ἠπειρώτας
907 2241 1058 2325 ἑτοίμους
1094 2245 1176 2322 εἰς4

72 2370 99 2411 ιο
117 2349 226 2434 μάχην
244 2347 277 2427 ἐξ
302 2348 429 2434 ἐφόδου
452 2361 603 2436 συνῆψεν
626 2352 675 2428 εἰς
696 2360 808 2437 χεῖρας
832 2350 888 2416 καί
911 2353 1057 2428 πολλοὺς
1079 2351 1142 2434 μέν

118 2455 261 2541 άνείλεν,
291 2457 353 2523 οὐκ
383 2458 518 2542 ὀλίγους
541 2457 571 2522 δ’
589 2456 784 2544 ἐζώγρησεν,
808 2456 845 2523 ἐν
868 2449 919 2534 οἷς
942 2456 1141 2542 συνέβαινεν

118 2557 205 2628 εἶναι
231 2564 287 2629 καί
311 2575 380 2631 τών
403 2566 519 2630 αἰτίων
542 2575 600 2649 της
622 2573 682 2630 τοῦ
706 2564 867 2649 βασιλέως
889 2565 1041 2630 καθόδου
1065 2566 1141 2651 περί

117 2673 323 2755 πεντήκοντα
355 2671 415 2736 τὸν
447 2670 604 2756 ἀριθμόν,
637 2670 697 2748 οὓς
728 2672 831 2756 δήσας
861 2670 1031 2737 άπέστειλε
1057 2673 1141 2758 πρὸς

117 2775 330 2862 Κάσανδρον.
376 2787 443 2843 τῶν
466 2777 505 2843 δέ
526 2776 603 2864 περί
621 2779 681 2843 τὸν
698 2778 865 2862 Αἰακίδην
884 2777 1175 2864 άθροισθέντωνσ

71 2902 98 2944 ει
117 2880 154 2948 ἐκ
186 2892 243 2967 τῆς
273 2893 383 2969 φυγῆς
411 2882 467 2949 καί
497 2893 566 2962 τοίς
588 2885 754 2962 Αἰτωλοῖς
780 2883 1012 2967 συμμιξάντων
1040 2884 1141 2950 πάλιν

117 2987 273 3056 ἐπελθὼν
309 2990 327 3056 ὁ
368 2992 533 3068 Φίλιππος
568 2991 655 3082 μάχη
692 2989 871 3077 ἐκράτησεν
907 2992 963 3057 καί
997 2992 1141 3068 πολλοὺς

189 3181 207 3237 2
224 3181 324 3239 πιστὸν
342 3182 562 3239 κατασκευάσειν
580 3187 606 3254 (ζ
617 3200 755 3252 suprascr.
771 3191 794 3240 2.
805 3187 853 3255 m.)
867 3181 968 3239 ἑαυτὸν
982 3184 1012 3237 F.
1049 3183 1139 3255 παρὰ]

117 3252 148 3308 ἐν
170 3254 202 3309 X.
280 3254 298 3310 4
318 3257 465 3326 γινώσκειν
486 3254 565 3321 libri;
588 3257 770 3311 ταπεινώσειν
793 3255 877 3310 Dind.
900 3256 945 3326 (cf.
967 3254 1018 3307 XX
1039 3260 1081 3323 53,
1099 3258 1139 3326 3);

116 3327 277 3394 τιτρώσκειν
300 3327 411 3381 Reiske.
486 3327 501 3381 7
524 3325 617 3388 πάσας
634 3324 808 3397 ἠλευθέρωσε
826 3327 898 3397 πλὴν
918 3326 964 3398 Σ.]
988 3325 1080 3388 πάσας
1097 3327 1138 3397 ἡλ.

116 3395 167 3460 τὰς
192 3396 277 3460 ἄλλας
302 3397 371 3453 ἄνευ
394 3403 427 3453 Σ.
446 3398 476 3452 F.
555 3398 573 3454 θ
599 3398 720 3467 δύναμιν
743 3397 835 3467 ἁδρὰν
853 3399 884 3453 λ’.
920 3397 957 3451 οἰ.
973 3396 1153 3458 ΠΜ.

117 3466 153 3521 16
180 3467 401 3542 κατεληλυθότα]
430 3466 619 3540 διεληλυθότα
644 3469 732 3540 λ’ὼεὶχ
758 3487 834 3526 vm.
849 3468 969 3523 ‘xxm
993 3465 1050 3527 Q,
1065 3460 1178 3515 *hm*

115 3537 153 3592 19
168 3537 295 3608 5²⁰ch
311 3541 354 3605 είς
369 3540 476 3616 μάχην,
496 3542 525 3614 ἐξ
546 3541 676 3621 ἐφόδουλ
695 3544 739 3609 εἰς
759 3541 858 3616 μάχην
880 3539 916 3605 ἒξ
930 3531 1056 3599 {mm
1067 3524 1116 3574 Y
