2460 3848
441 190 593 259 01.118,4:
615 195 665 244 εοε
681 206 706 244 a.
717 190 779 245 chr.
1054 195 1117 260 301

102 334 364 418 ἀγωνιζομένους
383 337 466 421 πρὸς
489 336 602 420 αὑτόν,
626 337 680 402 ὅτε
698 336 753 400 καὶ
771 345 836 402 νύν
853 340 1121 414 πολλαπλασίους

103 444 201 519 ὄντας
237 443 359 519 αὑτοὺς
394 443 565 527 ἡττῆσθαι.
620 453 687 508 τῶν
724 443 762 508 δέ
798 444 960 528 φυγάδων
992 446 1025 510 ολ
1060 444 1156 527 μένι

105 551 214 627 ἱππεῖς
232 550 374 627 ἅπαντες
392 549 456 614 ἀπὸ
475 560 532 634 τῆς
551 560 661 635 φυγῆς
679 551 892 634 διεσώθησαν
906 548 1121 634 εἰς”Αμβικας

103 658 236 741 χωρίον,
265 657 393 722 τῶνδὲ
419 659 526 735 πεζῶν
549 654 632 723 ένιοι
659 657 720 739 μὲν
743 658 863 734 νυκτὸς
888 655 1123 741 ἐπιγενομένης

73 786 84 825 ε
104 763 293 848 διέδρασαν,
317 764 350 829 ολ
368 762 405 827 δέ
423 766 558 840 πλείους
579 766 838 846 καταλαβόμενοι
861 766 970 849 λόφον
987 765 1043 829 καλ
1060 767 1122 848 τὴν

103 870 164 952 μὲν
194 868 230 935 ἐκ
261 879 321 935 τοῦ
354 870 610 953 διαγωνίζεσθαι
641 872 739 955 νίκην
768 871 1021 955 ἀπελπίσαντες,
1054 869 1122 936 ἐπι-

103 984 293 1059 θυμοῦντες
320 977 357 1042 δέ
384 989 558 1061 συγγενῶν
584 977 640 1042 καλ
667 980 776 1061 φίλων
801 978 856 1043 καί
882 979 1042 1062 πατρίδος
1068 978 1124 1044 καλ

103 1095 171 1150 τῶν
208 1082 245 1149 ἐν
280 1085 384 1174 ταύτη
419 1090 529 1150 καλῶν
566 1085 761 1150 διελύσαντο
798 1087 881 1169 πρὸς
911 1084 1122 1169 Ἀγαθοκλέα.

105 1192 277 1273 λαβόντων
312 1185 375 1256 οὑν
412 1191 522 1256 αὐτῶν
553 1193 680 1267 πίστεις
715 1191 770 1256 καλ
806 1191 1021 1274 καταβάντων
1058 1192 1157 1256 ἀπόῡ

61 1321 86 1359 ιο
104 1319 195 1374 τινος
222 1295 368 1382 ἐρυμνοῦ
396 1301 503 1383 λόφου
532 1299 571 1363 τὰ
594 1297 655 1379 μὲν
678 1299 764 1363 όπλα
785 1300 974 1381 παρείλετο,
1001 1300 1062 1381 την
1086 1298 1123 1363 δέ

105 1404 249 1486 δύναμιν
269 1408 467 1491 περιστήσας
490 1405 636 1481 ἅπαντας
658 1407 903 1488 κατηκόντισεν,
926 1404 1025 1480 όντας
1047 1406 1123 1488 περλ

105 1509 388 1596 ἑπτακισχιλίους,
401 1512 446 1587 ὡς
463 1513 597 1594 Τίμαιός
618 1528 732 1595 φησιν,
755 1512 799 1588 ὡς
823 1510 852 1575 δ’
868 1508 951 1576 ένιοι
974 1511 1122 1595 γράφου·

105 1635 170 1700 σιν,
201 1620 248 1695 είς
277 1620 567 1702 τετρακισχιλίους·
601 1618 652 1683 άελ
683 1618 747 1702 γάρ
780 1618 798 1683 δ
829 1618 994 1713 τύραννος
1026 1613 1158 1694 οὑτοςσ

105 1728 245 1802 πίστεως
271 1725 332 1807 μὲν
355 1726 409 1790 καί
437 1737 502 1790 τῶν
527 1726 636 1809 ὅρκων
658 1728 871 1810 κατεφρόνει,
898 1726 959 1809 τὴν
983 1722 1013 1790 δ’
1034 1727 1123 1790 ἰδίαν

61 1852 85 1892 ιτ
107 1833 203 1916 ίσχὺν
230 1832 292 1897 ούκ
320 1830 356 1897 ἐκ
382 1841 439 1916 τῆς
466 1832 542 1916 περὶ
570 1832 673 1897 αὑτὸν
700 1833 886 1914 δυνάμεως,
913 1831 986 1897 ἀλλ’
1003 1831 1039 1898 ἐκ
1066 1841 1124 1916 τῆς

105 1950 172 2004 τῶν
208 1938 482 2021 ὑποτεταγμένων
521 1939 697 2015 ἀσθενείας
735 1949 968 2022 περιεποιεῖτο,
1006 1944 1123 2004 πλείου

106 2045 262 2122 δεδοικὼς
289 2047 367 2122 τοὺς
396 2046 587 2130 συμμάχους
613 2045 633 2130 ἢ
661 2048 740 2122 τοὺς
766 2047 951 2127 πολεμίους.
998 2048 1059 2129 τὴν
1087 2045 1124 2109 δέ
1134 2044 1177 2109 90

106 2151 381 2237 ἀντιτεταγμένην
405 2153 548 2235 δύναμιν
572 2152 658 2218 οὑτω
682 2153 882 2237 διαφθείρας
904 2150 1123 2235 προσεδέξατο

52 2261 189 2336 471τοὺς
216 2258 514 2342 ὑπολελειμμένους
537 2271 604 2325 τῶν
627 2260 790 2345 φυγάδων
816 2259 872 2325 καί
898 2260 982 2344 πρὸς
1005 2265 1120 2324 Δεινο-

62 2387 88 2428 εο
105 2367 230 2450 κράτην
253 2366 426 2442 διαλυθεὶς
453 2368 638 2450 στρατηγὸν
666 2367 769 2432 αὑτὸν
790 2366 911 2450 μέρους
938 2374 996 2449 τῆς
1023 2366 1123 2430 δυνά-

106 2497 190 2555 μεως
226 2471 374 2549 ἀπέδειξε
411 2473 467 2536 καλ
503 2473 663 2538 διετέλεσε
700 2473 866 2538 πιστεύων
901 2474 941 2538 τά
979 2472 1123 2556 μέγιστα.

105 2580 289 2662 θαυμάσειε
317 2581 349 2644 δ’
366 2581 408 2644 ἀν
435 2602 484 2656 τις
512 2579 549 2644 ἐν
574 2581 703 2658 τούτοις
730 2582 790 2645 τὸν
810 2578 1028 2663 Ἀγαθοκλέα,
1056 2591 1125 2656 πῶς

106 2689 188 2772 πρὸς
225 2686 371 2762 άπαντας
407 2686 561 2762 ὑπόπτως
598 2683 682 2770 έχων
717 2688 772 2751 καλ
808 2686 971 2771 μηδέποτε
1007 2687 1124 2770 μηδενί

106 2795 247 2875 βεβαίως
269 2793 447 2870 πιστεύσας
469 2795 552 2876 πρὸς
574 2795 679 2874 μόνον
702 2795 930 2878 Δεινοκράτην
953 2795 1124 2876 διετήρησε

63 2922 88 2960 ετ
106 2901 167 2985 την
187 2901 303 2984 φιλίαν
321 2899 415 2984 μέχρι
435 2905 596 2984 τελευτῆς.
633 2899 651 2964 ὑ
675 2899 713 2964 δέ
730 2901 955 2984 Δεινοκράτης
977 2899 1124 2983 προδοὺς
1143 2916 1158 2962 2

106 3009 185 3083 τοὺς
208 3006 399 3091 συμμάχους
425 3009 484 3073 τὸν
507 3007 568 3089 μὲν
591 3008 784 3091 Πασίφιλον
807 3005 844 3072 ἐν
867 3016 906 3090 τῇ
932 3005 1018 3091 Γέλᾳ
1046 3021 1125 3070 συν-

178 3199 354 3271 3’Ἀμβυκας
378 3200 413 3266 F3
437 3202 494 3270 ign.
567 3200 680 3294 Βαίτη
702 3200 732 3254 F.
805 3195 892 3254 θοόν
911 3215 963 3252 om.
982 3199 1011 3251 F.
1067 3196 1124 3253 ἀπό

107 3293 183 3335 τινος
201 3272 320 3341 ἐρυμνοῦ
339 3268 429 3340 λόφου
447 3268 545 3341 (τόπον
559 3272 603 3343 F)]
624 3272 680 3328 ἀπο
698 3280 747 3325 τού
765 3270 802 3338 ἐρ.
817 3267 907 3338 λόφου
920 3269 1003 3324 Hohn
1019 3269 1124 3324 G.S.11

108 3362 135 3412 p.
149 3350 214 3411 4793
234 3344 268 3397 cf.
288 3342 427 3398 Schubert
444 3346 496 3413 Ag.
515 3361 541 3411 p.
559 3348 618 3396 193.
683 3343 719 3397 10
736 3339 887 3409 παρείλατο
905 3341 935 3395 F.
1004 3342 1038 3395 11
1057 3362 1123 3395 κατ·

108 3412 235 3483 ηκότισεν
253 3415 285 3468 X.
354 3414 443 3469 1213
462 3416 498 3476 ὡς
514 3411 631 3482 Τίμαιός
650 3410 1013 3483 φησιν-τετρακισχιλίους
1031 3430 1084 3467 om.
1099 3413 1124 3466 R

109 3487 210 3555 (suppl.
227 3494 297 3541 1.m.
312 3487 343 3540 in
356 3488 455 3556 marg.)
470 3485 503 3540 X.
568 3485 602 3540 12
619 3486 653 3541 ef.
668 3484 826 3553 FHGJp.
838 3489 898 3538 231.
939 3484 1080 3553 γράφουσι
1093 3484 1122 3539 F.

108 3558 143 3611 15
162 3553 248 3614 αὑτόν
266 3558 339 3612 libri.
413 3558 449 3612 16
465 3554 705 3629 ὑποτεταγμένων]
723 3553 927 3626 ἐπιγενομένων
944 3555 974 3610 F.
