2460 3848
420 212 574 279 01.11s,22
594 217 644 266 εοι
660 228 685 266 ε.
697 210 758 267 Chr.
1032 216 1098 282 245

80 359 278 445 ὀκταπήχεσι
301 360 337 424 τὸ
361 358 455 438 ὕψος.
492 358 711 423 κατεσκεύασε
730 357 841 424 δὲκαὶ
862 360 977 441 κριοὺς
998 357 1099 443 ὑπερ·
1117 379 1132 426 3

79 465 232 549 μεγέθεις
263 466 319 532 καὶ
349 466 495 551 χελώνας
528 464 589 529 δύο
622 466 832 550 κριοφόρους.
885 474 943 550 τῆς
974 464 1004 530 δ’
1030 464 1099 531 έλε·

79 574 206 649 πόλεως
233 572 281 649 εἰς
307 572 369 655 μὲν
396 573 454 649 τάς
480 571 568 636 κάτω
598 571 715 654 στέγας
742 572 912 656 εἰσήνεγκε
941 575 1099 657 πετροβό-

80 683 160 757 λους
182 681 377 759 παντοίους,
400 672 449 743 ὧν
470 674 556 762 ήσαν
579 678 613 743 οῖ
634 677 783 762 μέγιστοι
805 678 1028 763 τριτάλαντοι,
1052 681 1099 757 είς

48 786 118 851 οδὲ
139 786 197 863 τάς
219 785 320 868 μέσας
346 784 548 862 καταπέλτας
575 783 743 867 ὀξυβελεῖς
769 788 960 870 μεγίστους,
988 788 1035 863 εἰς
1062 780 1100 851 δὲ

78 894 137 970 τὰς
160 892 328 969 ἀνωτάτας
351 890 518 975 ὀξυβελεῖς
541 915 576 958 τε
597 894 677 970 τοὺς
700 891 892 977 ἐλαχίστους
910 893 966 959 καὶ
983 914 1099 979 πετρο

79 1001 190 1082 βόλων
217 1004 362 1084 πλῆθος,
392 1000 517 1085 ἀνδρας
545 1021 580 1064 τε
610 1001 689 1077 τοὺς
715 999 941 1086 χρησομένους
969 1000 1099 1078 τούτοις

78 1108 160 1172 κατά
183 1107 309 1192 τρόπον
331 1108 467 1184 πλείους
489 1117 556 1172 τῶν
580 1108 767 1171 διακοσίων.
813 1107 1035 1193 προσαγαγὼν
1062 1107 1134 1173 δδ4

78 1215 136 1291 τάς
163 1214 311 1298 μηχανάς
337 1222 378 1299 τή
406 1215 501 1278 πόλει
524 1213 579 1279 καὶ
602 1221 741 1290 πυκνοῖς
764 1214 931 1299 χρώμενος
953 1223 1023 1292 τοῖς
1045 1213 1100 1297 βέ-

35 1339 60 1380 10
78 1324 150 1385 λεσι
178 1329 218 1406 τῇ
249 1320 310 1403 μέν
339 1322 398 1398 τὰς
427 1318 576 1398 ἐπάλξεις
605 1318 750 1405 ἀπέσυρε
779 1330 849 1396 τοῖς
875 1322 1099 1405 πετροβόλοις,

78 1436 117 1513 τῇ
146 1427 184 1492 δὲ
210 1429 251 1493 τά
279 1429 368 1513 τείχη
397 1426 538 1492 διέσεισε
566 1436 636 1503 τοῖς
660 1435 774 1511 κριοῖς.
821 1426 1039 1509 ἀμυνομένων
1062 1428 1134 1493 δέο

77 1534 133 1599 καὶ
155 1545 223 1600 τῶν
246 1531 348 1600 ένδον
369 1533 542 1619 εὐρώστως
564 1533 620 1598 καῖ
642 1541 712 1610 τοῖς
734 1536 965 1619 μηχανήμασιν
988 1533 1101 1620 ἐτέρας

77 1642 224 1727 μηχανάς
243 1641 505 1707 ἀντιταττόντων
521 1636 575 1724 ἐφ’
585 1638 709 1726 ἡμέρας
726 1639 788 1723 μέν
806 1664 899 1718 τινας
917 1640 1101 1726 ἀμφίδοξος

76 1744 160 1830 ήνὸ
188 1748 363 1830 κίνδυνος,
391 1746 589 1832 ἀμφοτέρων
612 1749 898 1814 κακοπαθούντων
920 1748 976 1813 καὶ
1002 1772 1100 1814 κατα-

34 1872 60 1912 ιο
77 1853 398 1939 τραυματιζομένων·
416 1855 454 1919 τὸ
474 1853 512 1920 δδ
529 1859 720 1921 τελευταῖον
735 1864 796 1920 τοῦ
815 1857 945 1940 τείχους
962 1858 1100 1922 πῖπτον·

77 1984 133 2038 τος
151 1961 207 2026 καὶ
225 1971 282 2046 τῆς
301 1964 428 2039 πόλεως
446 1961 711 2046 κινδυνευούσης
733 1961 858 2027 ἁλῶναι
875 1963 958 2027 κατδι
980 1962 1100 2047 κράτος

78 2069 197 2145 νυκτὸς
221 2066 456 2153 ἐπιγενομένης
478 2065 571 2152 ἔληξε
593 2069 634 2133 τὰ
656 2078 713 2153 τῆς
740 2070 955 2154 τειχομαχίας.
1002 2071 1035 2134 οῖ
1063 2070 1134 2136 δὲο

78 2174 155 2258 περὶ
181 2175 241 2238 τὸν
268 2173 447 2241 Μενέλαον
474 2174 618 2261 ἀκριβῶς
646 2176 770 2252 εἰδότες
797 2175 1012 2260 ἁλωσομένην
1038 2177 1100 2259 τήν

78 2281 188 2364 πόλιν,
218 2281 248 2345 ελ
277 2284 321 2366 μή
350 2304 382 2346 τι
410 2292 621 2365 καινοτομεῖν
651 2282 903 2368 ἐπιχειρήσειαν,
932 2283 1099 2369 ήθροισαν

33 2407 60 2447 ιο
77 2385 160 2470 ὕλης
189 2384 289 2473 ξηρᾶς
318 2392 464 2474 πλῆθος,
493 2390 618 2473 ταύτην
646 2389 684 2455 δὲ
710 2389 787 2475 περὶ
813 2391 851 2455 τὸ
880 2390 1099 2472 μεσονύκτιον

78 2491 276 2576 ἐμβαλόντες
299 2504 371 2572 ταῖς
393 2506 462 2561 τῶν
481 2499 649 2579 πολεμίων
667 2507 829 2582 μηχαναῖς
851 2497 906 2562 καῖ
929 2497 996 2579 ἀμα
1017 2497 1099 2563 πάν-

77 2623 136 2677 τας
153 2604 232 2678 τοὺς
250 2604 491 2688 πυρσοφόρους
507 2602 572 2669 ἀπὸ
591 2614 658 2669 τῶν
673 2613 792 2689 τειχῶν
808 2602 949 2688 ἀφέντες
966 2604 1100 2690 ἀνήψαν

77 2708 118 2773 τά
135 2707 272 2791 μέγιστα
289 2719 358 2774 τῶν
376 2706 493 2796 έργων.
534 2711 631 2794 ἀφνω
655 2710 693 2775 δὲ
715 2720 773 2794 τῆς
796 2711 921 2794 φλογὸς
944 2713 992 2789 είς
1013 2711 1134 2791 ύήοςι

78 2814 238 2900 ἀρθείσης
262 2816 295 2879 ol
317 2816 394 2899 περὶ
416 2818 477 2883 τὸν
494 2821 689 2903 Δημήτριον
708 2815 924 2902 ἐπεχείρησαν
941 2819 1004 2901 μὲν
1020 2822 1100 2902 βοη-

32 2943 58 2983 ιι
78 2929 167 3006 θεῖν,
189 2931 249 2987 τοῦ
274 2922 311 2988 δέ
334 2924 440 3008 πυρὸς
462 2927 747 3009 καταταχήσαντος
770 2923 894 3009 συνέβη
917 2927 975 3003 τάς
998 2948 1099 3010 μηχα-

77 3031 138 3107 νάς
165 3036 417 3116 κατακαυθῆναι
443 3031 499 3095 καὶ
526 3032 672 3108 πολλοὺς
698 3040 766 3097 τῶν
788 3029 826 3096 ἐν
849 3032 965 3109 αὐταῖς
992 3031 1100 3096 όντων

148 3223 166 3277 δ
193 3223 224 3277 in
250 3239 340 3293 marg.
366 3224 427 3278 cod.
450 3224 472 3277 F
498 3223 588 3278 κόσοι.
613 3229 638 3278 3.
659 3243 694 3278 m.
722 3222 886 3295 πετροβόλοι
914 3223 1098 3292 τριτάλαντοι.

77 3293 96 3347 6
126 3311 219 3349 nonne
251 3291 450 3368 <ἐλαττόνων>
482 3293 658 3366 πετροβόλων
688 3298 816 3366 πλήθοςῖ
856 3296 890 3350 cf.
927 3294 978 3348 XX
1006 3301 1049 3363 86,
1073 3303 1097 3350 2.

77 3364 95 3418 9
110 3367 250 3489 χρώμενοι
269 3367 300 3421 F.
373 3365 416 3420 21.
435 3365 471 3420 22
493 3366 602 3430 πάντας
619 3367 685 3429 τούς
701 3364 899 3436 πυρσοφόρους
920 3384 1007 3436 susp.;
1026 3386 1098 3422 παν-

77 3453 109 3489 το
122 3454 171 3498 ους
188 3434 386 3506 πυρσοφόρους
404 3437 460 3507 (vel
476 3435 651 3508 πυρφόρους)
668 3438 764 3492 Madv.
776 3439 793 3491 ἱ
806 3456 841 3506 ρ,
852 3444 928 3501 ωε,
941 3453 1000 3502 οἷο
1009 3435 1123 3485 me

78 3504 181 3569 πάντες
199 3508 309 3572 οἰστούς
326 3525 448 3579 πορσοφ.
464 3509 519 3583 (vel
532 3512 636 3582 πυρφή
656 3528 726 3567 oum
740 3510 867 3564 {mm
880 3503 1147 3574 ffiffimssbffl

76 3576 159 3630 Wess.
178 3577 286 3634 laudat.
363 3582 401 3638 26
419 3592 477 3640 τῶν
498 3592 684 3656 στρατιωτῶν
707 3582 738 3638 ἐν
760 3582 872 3638 αλιταῖς
888 3575 988 3631 όντων
1002 3565 1048 3615 *R-
