2460 3848
121 220 186 285 236
489 216 721 272 Diodotum.
731 222 775 271 44.

121 366 241 428 θοκλεῖ
270 366 397 445 μᾶλλον
428 361 449 446 ἣ
481 371 551 439 τοῖς
582 365 733 439 πολίταις
765 363 885 428 δοῦναι
916 363 978 446 την
1010 361 1047 428 ἐκ
1081 373 1142 429 τοῦ

122 470 271 552 σώματος
303 471 479 554 τιμωρίαν·
515 470 592 534 οὕτε
624 469 726 534 πάλιν
758 470 791 535 ολ
825 471 1051 555 Καρχηδόνιοι
1081 471 1144 553 την

122 575 277 642 ἐπίθεσιν
299 576 361 659 τὴν
380 575 622 659 Ἀγαθοκλέους
649 574 832 642 ἐπύθοντο·
861 577 984 664 ῥηιδίως
1010 578 1075 662 γὰρ
1101 575 1145 643 ἀν

122 683 226 748 αὐτὸν
258 680 476 768 ἐχειρώσαντο
514 685 781 768 προσλαβόμενοι
817 685 879 767 την
909 685 980 766 μετ’
1002 680 1144 768 Ὀφέλλα

87 807 103 854 5
122 790 274 871 δύναμιν.
321 788 406 872 ἀλλ’,
430 782 535 873 οἶμαι,
558 786 635 874 παρ’
654 788 854 876 ἀμφοτέροις
877 791 939 855 οὐκ
962 789 1145 874 ἀλογίστως
1176 811 1188 852 ι

122 895 247 979 συνέβη
271 895 431 979 γενέσθαι
452 896 578 979 ταύτην
596 897 658 979 την
676 898 827 981 ἀγνοιαν,
850 898 968 983 καίπερ
991 897 1144 981 μεγάλων

121 1003 183 1085 μὲν
211 1003 325 1067 οὐσῶν
346 1013 414 1067 τῶν
441 1001 603 1088 πράξεων,
631 1002 731 1087 ἐγγὺς
758 1002 788 1068 δ’
806 1003 959 1088 ἀλλήλοιν
986 1002 1144 1089 ἐπικεχει-

88 1128 103 1174 6
123 1111 273 1195 ρηκότων
294 1119 365 1186 τοῖς
387 1094 594 1192 τηλικούτοις
617 1113 833 1194 τολμήμασιν·
863 1110 880 1175 ό
908 1133 944 1174 τε
966 1112 1030 1196 γάρ
1049 1107 1144 1194 ’Aroc-

121 1221 248 1300 θοκλῆς
284 1216 392 1300 ἀνδρα
428 1218 531 1300 φίλον
566 1216 696 1299 μέλλων
733 1216 902 1301 ἀναιρεῖν
920 1219 1004 1302 πρὸς
1042 1218 1144 1283 οὐδὲν

122 1323 281 1407 ἐπέβαλλε
308 1323 370 1406 τὴν
394 1323 548 1389 διάνοιαν
570 1333 638 1389 τῶν
660 1324 750 1409 παρά
776 1332 846 1400 τοῖς
871 1325 1040 1406 πολεμίοις
1063 1340 1144 1390 συν·
1163 1344 1188 1386 ιο

121 1430 341 1513 τελουμένων,
365 1430 382 1495 ό
406 1453 441 1495 τε
460 1431 648 1515 Βορμίλκας
669 1431 731 1514 τὴν
749 1440 807 1514 τῆς
829 1432 988 1516 πατρίδος
1009 1429 1145 1497 ἐλευθε·

123 1540 201 1624 ρίαν
230 1536 478 1621 ἀφαιρούμενος
509 1536 611 1601 οὐδὲν
641 1536 725 1614 όλως
756 1534 1045 1623 ἐπολυπραγμόνει
1076 1548 1145 1604 τῶν

121 1645 211 1729 παρά
241 1654 319 1720 τοῖς·
344 1642 754 1728 ἀντιστρατοπεδεύουσιν,
791 1644 835 1721 ὡς
871 1643 914 1709 ἀν
946 1642 1032 1730 ἔχων
1063 1666 1146 1731 προ-

121 1753 276 1833 κείμενον
303 1748 340 1815 ἐν
368 1758 407 1835 τῇ
434 1758 525 1836 ψυχῇ
553 1751 590 1815 τὸ
618 1751 662 1834 μη
689 1753 769 1827 τοὺς
795 1753 974 1833 πολεμίους
1001 1750 1056 1817 έπλ
1083 1760 1145 1818 τοῦ

88 1859 302 1942 ιπαρόντος,
332 1856 416 1921 ἀλλά
445 1859 524 1934 τοὺς
552 1859 689 1933 πολίτας
717 1862 991 1942 καταπολεμῆσαι.
1040 1859 1145 1949 ταότη
1163 1875 1189 1920 ιε

123 1963 153 2029 δ’
171 1965 213 2029 ἀν
235 1987 286 2041 τις
307 1964 363 2029 καί
385 1965 447 2050 την
472 1964 622 2049 ἱστορίαν
644 1963 905 2048 καταμέμψαιτο,
927 1972 1069 2051 θεωρῶν
1090 1963 1146 2030 έπί

122 2072 183 2154 μὲν
200 2079 262 2137 τοῦ
282 2073 360 2153 βίου
381 2071 507 2147 πολλάς
528 2071 584 2135 καί
607 2072 792 2156 διαφόρους
814 2069 948 2156 πράξεις
966 2076 1146 2137 συντελου-

122 2177 223 2260 μένας
249 2178 332 2242 κατά
359 2178 419 2243 τὸν
446 2177 550 2242 αὐτὸν
576 2179 705 2263 καιρόν,
734 2187 805 2254 τοῖς
834 2176 863 2242 δ’
888 2177 1145 2264 ἀναγράφουσιν

123 2285 306 2368 ἀναγκαῖον
335 2284 487 2369 ὑπάρχον
516 2285 554 2348 τὸ
584 2288 783 2368 μεσολαβεῖν
813 2285 876 2368 τὴν
904 2285 1060 2369 διηγησιν
1089 2286 1145 2351 καί

122 2401 192 2468 τοῖς
215 2391 281 2473 ἀμα
307 2389 584 2472 συντελουμένοις
609 2393 753 2476 μερίζειν
779 2393 858 2468 τοὺς
884 2393 1028 2477 χρόνους
1055 2394 1145 2478 παρά
1163 2414 1190 2455 ιο

123 2499 239 2583 φάσιν,
267 2497 351 2562 ὥστε
377 2497 440 2580 την
466 2496 528 2579 μέν
555 2496 718 2581 ἀληθειαν
745 2508 813 2563 τῶν
840 2498 1082 2583 πεπραγμένων
1106 2499 1145 2565 τδ

122 2605 233 2680 πάθος
251 2600 351 2688 ἔχειν,
370 2604 431 2687 τὴν
450 2600 480 2668 δ’
494 2603 694 2690 ἀναγραφὴν
712 2603 934 2691 ἐστερημένην
951 2617 1009 2690 τῆς
1030 2605 1146 2688 ὁμοίας

123 2710 274 2789 ἐξουσίας
292 2717 466 2792 μιμεῖσθαι
488 2711 550 2794 μὲν
567 2712 608 2776 τά
630 2711 844 2796 γεγενημένα,
867 2714 953 2777 πολὺ
977 2712 1015 2777 δὲ
1038 2715 1146 2778 λείπε-

123 2827 205 2885 σθαι
227 2824 286 2900 τῆς
308 2815 458 2901 ἀληθοῦς
482 2818 672 2896 διαθέσεως.

69 2927 114 2992 44
190 2924 225 2991 Ὁ
257 2930 289 2993 δ’
320 2919 383 2990 οὖν
411 2927 598 3011 Βορμίλκας
626 2923 803 3007 ἐξετασμὸν
835 2935 902 2990 τῶν
934 2937 1146 3011 στρατιωτῶν
1163 2947 1191 2989 ιι

123 3034 344 3119 ποιησάμενος
372 3030 410 3097 έν
432 3041 472 3119 τῇ
495 3031 683 3121 καλουμένη
705 3031 781 3119 Νέηι
803 3034 913 3117 πόλει,
940 3033 1060 3118 μικρὸν
1083 3029 1145 3111 ἔξω

194 3227 284 3282 Mn
303 3228 333 3282 F.
388 3225 478 3297 θγδιρ
497 3242 550 3280 om.
565 3226 595 3279 1⁶⁸.
651 3225 687 3279 10
705 3223 820 3297 ἐπέβαλε
838 3226 869 3280 F.
924 3227 958 3280 11
977 3231 1026 3295 τῆς
1044 3242 1098 3280 om.
1113 3228 1145 3283 F.

122 3299 158 3354 15
176 3299 246 3354 ἀλλά
263 3299 339 3371 τοὺς]
358 3299 424 3361 τοὺς
442 3297 473 3351 δὲ
492 3297 522 3350 F.
595 3296 689 3351 15.16
706 3298 969 3370 ταύτῃ-θεωρῶν]
988 3298 1094 3352 τούτων
1114 3296 1143 3353 δ’

120 3369 210 3432 οὕτως
235 3367 356 3442 ἐχόντων
380 3369 432 3440 τὴν
457 3365 584 3436 ἱστορίαν
606 3365 723 3429 δικαίως
746 3367 782 3424 ἀν
804 3388 847 3430 τις
865 3369 898 3422 οίι
916 3365 1052 3439 μέμφοιτο
1071 3374 1146 3424 θεω-

104 3449 169 3504 ρῶν
188 3442 222 3510 1⁴⁷,
250 3459 321 3498 con.
344 3447 368 3497 2.
384 3460 422 3498 m.
442 3441 474 3496 in
491 3455 581 3511 marg.
661 3439 696 3494 19
720 3437 769 3494 τὸν
795 3436 898 3510 χρόνον
921 3440 951 3507 F,
978 3457 1046 3495 corr.
1067 3446 1091 3495 2.
1106 3458 1145 3498 m.

88 3508 135 3562 26
150 3511 186 3565 έν
204 3519 243 3588 κγ’
260 3513 431 3594 καλουμένη
451 3511 518 3596 Νόηι
537 3512 636 3588 πόλει]
651 3513 728 3585 igne,
744 3510 1070 3577 efflssxmsswm„
1079 3517 1151 3577 mg

73 3575 113 3630 Π
122 3599 154 3650 Ρ·
174 3591 241 3641 191.
297 3589 416 3658 ἔξωθεν
436 3592 473 3650 F.
