2460 3848
443 196 485 252 01.
497 203 557 264 116,
569 204 596 251 1:
617 202 669 253 316
684 213 708 251 a.
719 196 782 252 chr.
1079 201 1120 266 37

103 340 272 425 ἀπέβαλον
294 341 349 406 καί
376 343 471 424 μόλις
498 340 690 420 διεξέπεσαν
715 340 930 425 ἐπικειμένων
953 354 1020 408 τῶν
1042 347 1123 429 βαρ-

103 449 225 533 βύρων.
272 449 305 514 ολ
332 447 370 514 δὲ
396 448 473 533 περὶ
500 450 560 514 τὸν
580 445 774 534 Ἀντίγονον
796 447 910 534 ἐπειδή
937 445 1018 514 ποθ’
1040 445 1157 533 ήκονο

102 553 158 620 ἐπὶ
179 555 238 631 τάς
260 555 462 639 δυσχωρίας,
486 554 688 640 ἀβοηθήτοις
710 556 882 632 κινδύνοις
899 555 1122 641 περιέπιπτον.

103 663 136 727 ολ
162 663 228 748 γὰρ
256 660 413 746 ἐγχώριοι
435 672 503 727 τών
525 664 637 728 τόπων
660 660 809 749 ἔμπειροι
836 670 1041 740 καθεστῶτες
1068 663 1123 729 καί

71 770 181 845 ιτούς
208 771 376 853 κρημνοὺς
403 772 702 854 προκατειληφότες
731 768 907 836 ἐπεκύλιον
936 779 1006 846 τοῖς
1035 769 1123 835 ὁδοι-

102 882 245 960 ποροῦσι
263 874 383 960 πέτρας
404 885 553 960 συνεχεῖς
573 877 628 942 καλ
650 877 804 960 μεγοίλας·
828 877 894 959 ἅμα
916 876 1032 942 δὲκαὶ
1054 886 1124 954 τοῖς

102 980 209 1059 τόξοις
244 991 385 1058 πυκνοῖς
420 982 584 1066 χρώμενοι
624 985 885 1069 κατετίτρωσκον
924 986 1003 1061 τοὺς
1043 987 1123 1071 μήτε

104 1089 296 1171 ἀμύνασθαι
318 1084 392 1172 μήτ’
409 1087 556 1154 ἐκκλῖναι
579 1090 619 1154 τδι
641 1089 721 1174 βέλη
745 1090 953 1173 δυναμένους
978 1092 1035 1156 διά
1061 1093 1123 1174 τήν

103 1196 293 1281 δυσχωρίαν
329 1206 397 1261 τῶν
433 1197 553 1261 τόπων.
612 1197 828 1281 κρημνώδους
867 1194 897 1261 δ’
929 1199 1031 1282 ούσης
1068 1198 1157 1263 καλε

59 1325 84 1364 1ο
102 1302 271 1386 δυσβάτου
299 1309 357 1387 τῆς
385 1301 467 1368 ὁδοῦ
495 1302 672 1385 συνέβαινε
699 1304 777 1382 τούς
805 1327 839 1369 τε
863 1303 1044 1388 ἐλέφαντας
1068 1304 1122 1370 καί

101 1412 180 1486 τοὺς
207 1410 330 1493 ἱππεῖς,
358 1405 406 1474 έτι
433 1408 471 1475 δὲ
498 1413 577 1486 τοὺς
599 1408 637 1475 ἐν
660 1420 729 1487 τοῖς
752 1409 891 1496 βαρέσιν
914 1411 1029 1487 ὅπλοις
1052 1435 1122 1477 κιν-

101 1516 258 1582 δυνεύειν
274 1516 340 1598 ἅμα
358 1516 413 1581 καί
431 1526 560 1601 πονεῖν,
580 1516 828 1595 ἀδυνατοῦντας
846 1516 976 1595 ἑαυτοῖς
994 1521 1122 1603 βοηθή-

101 1640 165 1689 σαι.
198 1623 245 1701 είς
263 1622 420 1707 τοιαύτην
438 1621 469 1688 δ’
482 1623 668 1708 ἀμηχανίαν
685 1623 916 1707 συγκλεισθεὶς
932 1620 1122 1708 Ἀυτίγονος
1140 1641 1156 1688 8

100 1729 290 1813 μετεμέλετο
320 1729 382 1812 μὲν
412 1728 466 1794 ἐπλ
495 1741 540 1816 τῷ
570 1731 614 1813 μή
643 1736 825 1814 πεισθῆναι
855 1741 924 1809 τοῖς
953 1732 1030 1816 περὶ
1058 1734 1121 1797 Πί-

57 1859 82 1899 1ι
100 1844 212 1920 θωνα,
243 1837 511 1920 συμβουλεύουσι
544 1835 719 1921 χρημάτων
752 1838 916 1922 πρίασθαι
950 1840 1011 1922 τήν
1039 1839 1121 1923 πάρ-

101 1944 195 2010 οδον·
224 1943 264 2009 ού
292 1946 358 2028 μήν
386 1943 469 2009 ἀλλά
491 1946 636 2021 πολλοὺς
660 1943 838 2027 ἀποβαλὼν
860 1945 915 2009 καλ
937 1955 1008 2021 τοῖς
1031 1946 1121 2022 ὅλοις

100 2050 321 2128 κινδυνεύσας
348 2052 495 2134 διεσώθη
523 2052 618 2134 μόγις
646 2049 818 2128 ἐνναταῖος
846 2053 893 2129 είς
919 2053 980 2136 τήν
1010 2053 1120 2117 οίκου-

100 2158 205 2242 μένην
231 2163 290 2243 τής
312 2159 455 2242 Μηδίας.
501 2158 538 2222 τὸ
567 2156 604 2222 δὲ
627 2158 852 2241 στρατόπεδον
875 2158 931 2222 διδι
955 2159 1017 2241 τήν
1041 2157 1173 2224 συν-20

101 2265 210 2350 έχειαν
232 2275 300 2330 τῶν
322 2275 433 2329 κακῶν
456 2264 511 2329 καλ
533 2266 596 2348 τήν
618 2263 809 2349 ὑπερβολήν
831 2270 891 2349 τής
913 2266 1121 2342 κακοπαθίας

55 2401 82 2441 1ο
100 2370 138 2437 ἐν
162 2373 281 2448 αίτίαις
304 2365 370 2455 είχε
392 2371 452 2436 τὸν
471 2369 674 2455 Ἀντίγονον,
697 2371 780 2437 ὥστε
804 2373 918 2455 φωνὰς
940 2374 1119 2457 προίεσθαι

100 2480 284 2563 δυσχερεῖς·
308 2477 345 2543 ἐν
362 2477 498 2563 ἡμέραις
516 2480 580 2563 γδιρ
598 2479 841 2563 τεσσαράκοντα
860 2479 948 2563 τρισί
966 2479 1120 2563 μεγάλοις

101 2585 283 2670 ἀτυχήμασι
317 2585 645 2670 περιεπεπτώκεισαν.
700 2587 741 2651 οὐ
778 2586 844 2669 μήν
881 2585 964 2651 ἀλλὰ
1001 2592 1119 2670 φιλαν-

100 2692 245 2776 θρώπως
264 2691 421 2775 ὁμιλήσας
439 2701 508 2769 τοῖς
527 2693 739 2777 στρατιώταις
762 2692 780 2757 ὁ
800 2691 988 2778 Ἀντίγονος
1011 2694 1119 2777 <καὶ>

100 2798 427 2881 κατασκευασάμενος
453 2799 580 2883 δαψιλῆ
606 2800 767 2884 χορηγίαν
793 2799 929 2865 πάντων
954 2809 1023 2864 τών
1051 2798 1119 2864 ε’πι-

141 3064 147 3076 .
171 2993 188 3046 l
211 2989 288 3062 μόλις
312 2989 473 3058 διεξέπεσαν
496 2992 576 3075 οοδδ.
650 2991 667 3045 2
690 2991 782 3080 ποθὲν
800 2991 833 3045 X.
906 2992 924 3045 3
945 2991 1005 3074 έπλ]
1029 2992 1069 3053 εἰς
1088 2992 1118 3056 F,

100 3061 527 3205 ἒίβώίέίιιάῗσχωύοὲλιλλῗί
540 3062 1117 3204 ώωκαίῗίλβὶἶῖἶλλώλῖοῗῖλλιῖιίῖ’

99 3207 148 3260 καλ
180 3215 229 3261 τού
262 3207 444 3276 κρημνώδους
476 3202 621 3276 συνέβαινε
653 3205 683 3259 F.
773 3207 809 3260 1ss
842 3214 901 3268 τοῖς
935 3205 1028 3267 ἀλλοις
1059 3206 1084 3258 R
1112 3249 1117 3258 .

99 3278 134 3334 17
153 3279 277 3346 διεσώθη
296 3275 386 3350 μόγις]
406 3278 612 3346 προσεπεξήλθε
631 3275 709 3346 μόλις
726 3277 756 3330 F.
818 3277 853 3332 19
872 3274 1054 3338 κακοπαθίας
1068 3275 1118 3330 RX

100 3349 221 3440 (λίθοισι).
232 3354 275 3416 38,
284 3367 309 3402 v.
321 3353 355 3417 1).
391 3348 433 3438 '20
447 3348 477 3403 έν
492 3346 606 3420 αἰτίαις]
624 3346 753 3403 ἐναντίον
767 3347 799 3402 X.
842 3349 876 3402 21
892 3347 922 3401 ἐν
936 3346 1051 3418 ἡμέραις
1064 3347 1119 3415 γὰρ

100 3421 152 3490 ούχ
177 3423 255 3482 ολαις
279 3436 487 3488 τεοσαραιιοντα
511 3420 546 3487 Ρχ
571 3419 644 3486 τρισί
670 3436 813 3490 nuptam.
832 3426 864 3473 θ.
878 3437 924 3471 m„
990 3419 1037 3467 Ὦ
1056 3433 1139 3472 τες»-

99 3493 254 3616 ww&
267 3491 297 3557 F,
323 3507 390 3547 corr.
413 3497 438 3550 2.
457 3510 510 3564 m.;
535 3493 807 3564 περιεπεπτώκεισαν
826 3490 927 3544 ἳϊιοδ.
997 3483 1044 3534 ‘23³
1061 3476 1163 3544 Qum

93 3578 112 3615 ν
152 3604 157 3615 .
203 3581 260 3616 m.
