2460 3848
119 203 184 268 318
467 200 580 255 Diodor.
590 200 641 253 XX
657 206 787 255 101.102.

119 346 317 429 βιασάμενος
341 346 463 423 αὐτοὺς
486 347 605 412 δοῦναι
627 348 668 411 τά
690 348 772 412 κατὰ
794 347 832 411 τὸ
855 355 1068 429 πρυτανεῖον,
1092 340 1141 411 ών

119 447 210 537 εἰχον
242 451 430 539 ἐπιγραφὴν
464 455 504 518 τά
540 453 601 536 μὲν
632 454 776 536 Αἰόλου,
812 455 852 518 τά
887 450 917 517 δ’
941 451 1141 539 Ἡφαίστου,

120 561 231 642 λαβών
254 570 451 646 παραχρῆμα
478 559 681 638 ἐξέπλευσεν,
727 562 913 644 πνεύματος
942 556 972 624 δ’
990 558 1141 644 έπιχενο*

119 667 221 748 μένου
249 677 316 733 τών
339 678 426 732 νεών
450 667 567 733 ἕνδεκα
594 670 838 754 συνετρίβησαν
862 669 896 732 αἰ
924 669 964 732 τά
991 671 1141 752 χρήματα

84 776 318 856 εκομίζουσαι.
374 775 489 858 διόπερ
522 771 613 851 ἔδοξε
645 779 782 851 πολλοῖς
814 774 832 839 ὁ
869 774 930 857 μὲν
961 776 1141 858 λεγόμενος
1175 796 1188 836 ε

119 880 195 963 περὶ
222 884 300 957 τοὺς
327 883 451 968 τόπους
478 880 626 958 ἐκείνους
653 875 739 946 εἰναι
768 881 883 966 κύριος
912 892 980 946 τών
1008 881 1141 964 ἀνέμων

119 987 225 1063 εὐθὺς
256 989 338 1052 κατά
369 989 429 1052 τὸν
460 999 594 1072 πρῶτον
626 992 735 1053 πλοῦν
771 991 888 1071 λαβεῖν
924 985 1002 1071 παρ’
1033 989 1140 1054 αὐτοῦ

119 1096 289 1177 τιμωρίαν,
322 1093 339 1158 ὁ
370 1094 408 1159 δὲ
428 1091 614 1179 Ἥφαιστος
643 1093 697 1160 έπί
726 1105 784 1180 τῆς
812 1101 980 1180 τελευτῆς,
1011 1097 1141 1173 οἰκείως

118 1209 175 1284 τῆς
208 1200 359 1284 ἀσεβείας
390 1202 532 1279 κολάσας
564 1204 624 1267 τὸν
654 1203 823 1286 τύραννον
852 1201 890 1267 έν
921 1212 961 1288 τῇ
994 1205 1140 1288 πατρίδι,

119 1309 324 1391 συνωνύμως
363 1307 418 1375 έκί
457 1315 597 1393 θερμοῖς
637 1319 707 1384 τοῖς
747 1307 892 1395 ἄνθραξι
932 1309 1141 1387 κατακαύσας
1160 1331 1187 1372 ιο

119 1417 236 1492 ζῶντα·
263 1427 321 1500 της
343 1418 407 1500 γάρ
427 1416 528 1499 αὐτῆς
546 1415 768 1502 προαιρέσεως
785 1412 829 1499 ἦν
846 1416 902 1481 καί
925 1416 1140 1501 δικαιοσύνης

118 1525 155 1587 τὸ
179 1535 246 1589 τών
264 1525 341 1607 περὶ
363 1525 425 1607 την
443 1523 573 1606 Αἴτνην
592 1523 764 1601 σωζόντων
782 1525 861 1599 τοὺς
881 1521 1010 1588 ἑαυτῶν
1028 1532 1141 1606 γονεῖς

119 1629 326 1715 ἀποσχέσθαι
352 1629 408 1694 καί
435 1630 472 1694 τὸ
500 1633 579 1706 τοὺς
604 1626 808 1712 ἀσεβοῦντας
831 1632 878 1706 εἰς
900 1632 938 1695 τὸ
961 1636 1059 1695 θεῖον
1083 1630 1151 1696 διά

118 1747 175 1820 τῆς
199 1738 286 1814 ἰδίας
308 1736 480 1818 δυνάμεως
502 1741 684 1818 μετελθεῖν.

83 1864 99 1910 4
192 1843 241 1908 Ού
282 1845 348 1928 μὴν
380 1841 452 1908 ἀλλ’
479 1843 563 1929 ὑπὲρ
600 1844 661 1926 μὲν
694 1853 751 1927 τῆς
787 1853 1017 1929 καταστροφῆς
1044 1841 1187 1927 'Apa-15

117 1951 291 2034 θοκλέους,
320 1952 400 2017 ὅταν
428 1952 511 2036 πρὸς
538 1953 617 2027 τοὺς
644 1951 788 2026 οἰκείους
814 1947 959 2035 χρόνους
985 1949 1138 2034 ἔλθωμεν

119 2059 237 2142 αὐτοῦ,
273 2061 310 2124 τὸ
348 2056 531 2142 γενόμενον
562 2058 738 2141 βεβαιώσει
773 2058 811 2122 τὸ
848 2066 913 2123 νῦν
949 2059 1138 2142 εἰρημένον·

118 2164 236 2250 ἐφεξῆς
263 2166 300 2231 δὲ
324 2166 443 2253 ῥητέον
464 2166 545 2250 ημῖν
567 2166 608 2229 τὰ
630 2163 824 2248 πραχθέντα
846 2166 928 2230 κατά
951 2169 1030 2242 τοὺς
1058 2182 1139 2231 συν-

84 2284 203 2358 υεχεῖς
225 2275 440 2357 της-Ἰταλίας
463 2269 594 2348 τόπους.
637 2269 787 2353 Ῥωμαῖοι
810 2272 871 2354 μὲν
893 2271 949 2338 καί
972 2277 1140 2353 Σαμνῖται

119 2381 458 2465 διαπρεσβευσάμενοι
484 2380 568 2461 πρὸς
596 2375 760 2462 ἀλλήλους
782 2380 919 2464 εἰρηνην
942 2378 1139 2461 συνέθεντο,
1158 2402 1186 2442 ω

118 2491 361 2572 πολεμήσαντες
394 2483 449 2569 έτη
482 2485 587 2550 εἰκοσι
618 2486 680 2550 δύο
712 2485 768 2550 καί
795 2494 900 2568 μῆνας
928 2483 975 2562 ἐξ·
1007 2496 1075 2550 τών
1103 2486 1135 2552 δ’

118 2594 254 2659 ὑπάτων
276 2593 426 2669 Πόπλιος
449 2593 665 2674 Σεμπρώνιος
687 2593 768 2675 μετά
790 2592 961 2674 δυνάμεως
984 2591 1139 2676 ἐμβαλὼν

119 2704 165 2778 εἰς
192 2702 254 2784 την
280 2711 347 2764 τῶν
374 2701 510 2764 Αἰκλῶν
536 2700 649 2783 χώραν
675 2697 871 2783 ἐχειρώσατο
898 2699 1139 2785 τετταράκοντα

189 2859 207 2913 3
226 2855 378 2912 ἀπέπλευσε
396 2857 426 2910 F.
482 2857 540 2911 διώ
558 2855 573 2912 ὁ
592 2855 643 2926 μὲν
662 2855 763 2918 Αἰολος
780 2857 844 2924 περὶ
862 2858 928 2918 τοὺς
945 2853 1049 2919 τόπους
1067 2849 1138 2911 ἐκεί-

118 2951 184 2992 νους
208 2927 355 2999 λεγόμενος
380 2927 437 2982 ἔστι
461 2929 558 2996 κύριος
582 2928 612 2982 F.
691 2929 706 2982 7
731 2928 830 2999 εάθύς]
860 2927 909 2981 καί
933 2928 1080 2995 παρενθύς
1104 2929 1136 2983 1⁴¹.

117 3002 199 3056 8ἐπλ
217 3006 251 3073 τῇ
269 3003 379 3072 τελευτῇ
397 3000 427 3054 F.
486 2999 640 3055 θκολάσαι
657 2999 750 3052 Madv,
765 2999 777 3052 I
795 3017 823 3068 p.
838 3005 889 3052 51⁷
904 2997 923 3053 f.
940 3018 961 3053 r.
1017 2999 1053 3054 10
1072 3016 1138 3054 συν-

118 3065 1091 3213 ίίύίέςείωἰώξίεῗλέάῙίπρύῙάνάῖίώλλοιίξύῖἰςύῖ
1105 3072 1136 3196 13·

119 3217 328 3284 Amphinomos.
372 3215 402 3268 in
431 3231 519 3283 marg.
549 3213 654 3268 codicis
679 3213 705 3266 R
731 3212 821 3267 fusius
848 3213 961 3267 disserit
989 3219 1013 3267 3.
1034 3231 1071 3266 m.
1101 3214 1137 3268 de

118 3287 279 3356 Hephaesto
295 3289 324 3340 εἰ
333 3288 425 3341 Aetna
438 3288 540 3340 monte.
592 3285 626 3339 17
642 3286 727 3354 αὐτῆς
740 3284 828 3338 Hertl.
843 3284 882 3338 HI
895 3303 922 3352 p.
934 3289 968 3339 38
982 3302 1039 3339 non
1052 3284 1136 3339 male.

119 3359 153 3413 19
172 3355 311 3413 Σαυνίται
329 3358 359 3411 F.
420 3357 455 3411 21
475 3357 509 3410 de
528 3372 643 3410 numero
662 3355 696 3409 cf.
716 3355 837 3410 Triemel
855 3356 872 3409 J
878 3356 945 3410 fPh.
962 3360 1013 3410 139
1031 3374 1059 3425 p.
1075 3361 1136 3412 34⁶.

104 3429 148 3481 22
160 3429 294 3500 εβιβαλών
307 3432 379 3500 post
393 3431 491 3501 χώραν
510 3429 591 3499 ponit
608 3428 638 3482 F.
699 3427 735 3481 23
753 3427 864 3482 Αἰκλῶν
882 3427 933 3480 RX
951 3427 1082 3482 Αίκάλων
1100 3427 1136 3496 Ἐς

92 3498 131 3550 ολ
147 3500 210 3554 ind.
228 3499 269 3571 μ’
284 3501 336 3558 ubi
355 3504 445 3575 legas,
458 3502 589 3570 Αἰκλῶν,
609 3499 666 3554 ΧΠ
683 3497 847 3567 όλΛςῊἾ
866 3505 975 3563 um,
995 3499 1031 3551 δε
1050 3499 1137 3553 variis

76 3571 211 3626 nominis
241 3576 351 3634 formis
379 3578 544 3634 novissime
571 3574 700 3648 egerunt
720 3567 929 3626 Βὶοοουοοεεύ
946 3570 1024 3632 μου
1041 3572 1102 3617 οὔ).
1122 3571 1153 3619 εκ
