2460 3848
453 155 566 222 01.118,
578 161 605 211 υ
626 161 677 209 εοι
693 171 718 209 ι.
729 155 791 210 chr.
1065 160 1130 226 263

113 303 194 367 ὅταν
217 302 316 379 αὐτὸς
340 300 494 387 ἀναχωρῇ
518 301 804 388 προσποιούμενος
827 301 976 386 φεύγειν,
1004 300 1131 380 ἐπεξελ-

112 416 191 474 θεῖν
208 418 278 485 τοῖς
296 406 544 474 ἐπιδιώκουσιν·
568 408 668 484 αὐτὸς
688 407 726 473 δὲ
744 410 944 493 προαγαγών
962 412 1041 486 τοὺς
1058 410 1131 492 ημί-

113 532 181 593 σεις
207 525 275 580 τῶν
298 526 508 599 στρατιωτῶν
530 515 586 581 καί
612 515 731 599 μικρὸν
754 516 819 599 πρὸ
842 524 900 599 τῆς
922 519 1132 601 παρεμβολῆς

113 622 264 703 συνάψας
292 622 400 707 μάχην
430 622 537 698 εὐθὺς
565 618 708 707 ἔφευγεν
740 622 784 699 ὡς
812 622 1130 707 καταπεπληγμένος.

81 731 145 795 εολ
172 729 211 797 δέ
236 730 313 815 περί
339 730 400 795 τὸν
422 728 582 813 Εὔμαχον
604 727 807 813 ἐπαρθέντες
833 738 874 815 τῇ
897 731 974 819 νίκη
995 730 1051 795 καί
1074 739 1131 813 τῆς
1150 746 1166 795 6

112 834 231 914 τάξεως
249 836 351 902 οὐδὲν
367 836 607 921 φροντίσαντες
624 833 764 901 ἐδίωκον
782 836 838 901 καί
855 835 1132 920 τεθορυβημένως

111 954 179 1008 τῶν
205 942 473 1030 ὑποχωρούντων
503 940 693 1028 ἐξήπτοντο·
722 944 819 1028 άφνω
849 941 887 1007 δέ
916 942 994 1008 καθ’
1017 943 1131 1029 ἕτερον

111 1050 209 1135 μέρος
249 1060 308 1134 τῆς
348 1051 474 1127 πόλεως
515 1047 713 1134 ἐκχυθείσης
751 1056 811 1134 τῆς
848 1049 1020 1132 δυνάμεως
1055 1074 1131 1116 κατ-

111 1156 352 1241 εσκευασμένης
379 1157 448 1223 καί
487 1161 640 1242 πλήθους
682 1157 797 1222 ἱκανοῦ
833 1156 917 1241 πρὸς
952 1157 991 1222 ἓν
1027 1178 1131 1243 παρα-

66 1286 93 1326 10
109 1263 274 1346 κέλευσμα
297 1262 585 1342 συναλαλάξαντος
611 1263 871 1347 κατεπλάγησαν.
917 1260 1130 1346 ἐμβαλόντων
1151 1281 1165 1329 7

111 1365 173 1436 οὖν
190 1381 258 1436 τῶν
276 1371 456 1458 βαρβάρων
479 1373 527 1448 εἰς
550 1370 775 1447 ἀσυντάκτους
798 1370 853 1435 καί
876 1370 1130 1455 πεφοβημένους

110 1478 166 1543 διά
188 1479 226 1544 τὸ
250 1474 450 1563 παράδοξον,
477 1481 559 1562 ταχύ
583 1479 710 1563 τροπην
733 1476 857 1561 συνέβη
880 1476 1040 1560 γενέσθαι
1063 1488 1130 1543 τῶν

106 1583 284 1669 Ἑλλήνων.
338 1584 594 1667 ὑποτεμομένων
626 1583 665 1650 δέ
696 1595 763 1649 τῶν
794 1584 1037 1670 Καρχηδονίων
1068 1585 1130 1668 την

110 1693 157 1769 εἰς
197 1694 259 1778 τὴν
300 1692 558 1777 στρατοπεδείαν
599 1691 810 1778 ἀποχώρησιν
852 1702 921 1757 τῶν
963 1693 1131 1773 πολεμίων

66 1818 91 1859 ιε
109 1799 371 1883 ἠναγκάσθησαν
400 1799 432 1863 ολ
459 1798 536 1885 περί
564 1799 624 1863 τὸν
650 1798 810 1882 Εὔμαχον
839 1807 1046 1883 καταφυγεῖν
1075 1795 1131 1862 ἐπί

109 1907 169 1971 τὸν
196 1907 339 1990 πλησίον
367 1907 475 1991 λόφον
505 1905 628 1982 ύδατος
659 1907 867 1984 σπανίζοντα.
918 1919 1165 1988 περιστρατο-8

109 2013 344 2078 πεδευσάντων
376 2012 414 2076 δέ
445 2013 505 2077 τὸν
536 2015 641 2079 τόπον
672 2023 739 2077 τῶν
772 2013 940 2076 Φοινίκων
972 2011 1038 2092 άμα
1069 2010 1130 2093 μὲν

109 2118 175 2183 ὑπὸ
199 2128 259 2184 τοῦ
283 2120 404 2198 δίψους
426 2117 729 2203 καταπονηθέντες,
752 2119 818 2200 άμα
842 2114 873 2182 δ’
891 2116 957 2182 ὑπὸ
980 2128 1048 2182 τῶν
1071 2139 1130 2182 πο-

110 2226 232 2306 λεμίων
254 2226 473 2311 κρατούμενοι
496 2226 617 2310 σχεδὸν
640 2225 782 2303 ἅπαντες
809 2223 1035 2314 ἀνηρέθησαν·
1064 2224 1128 2289 ἀπὸ

64 2355 90 2395 κο
109 2331 170 2413 μὲν
192 2333 257 2417 γάρ
280 2335 386 2411 πεζῶν
410 2332 661 2417 ὀκτακισχιλίων
683 2331 860 2417 τριάκοντα
887 2333 992 2414 μόνον
1015 2331 1129 2395 διεσώ-

109 2444 232 2523 θησαν,
264 2439 328 2505 ἀπὸ
361 2438 392 2503 δ’
419 2438 545 2505 ἱππίων
577 2439 781 2505 ὀκτακοσίων
809 2438 1048 2523 τετταράκοντα
1080 2438 1129 2503 δι-

110 2545 238 2630 έφυγον
274 2547 334 2611 τὸν
369 2547 541 2612 κίνδυνον.
596 2546 614 2611 δ
652 2547 684 2611 δ’
710 2545 916 2631 Ἀρχάγαθος
951 2545 1129 2635 τηλικαύτη
1139 2544 1180 2610 61

109 2658 268 2740 συμφορᾷ
293 2654 482 2738 περιπεσὼν
505 2651 698 2737 ἐπανῆλθεν
721 2654 768 2730 εἰς
795 2653 934 2736 Τύνητα.
980 2653 1036 2717 καί
1062 2663 1130 2717 τῶν

108 2760 170 2843 μὲν
199 2758 461 2845 ἐκπεμφθέντων
492 2770 701 2846 στρατιωτῶν
727 2762 806 2836 τοὺς
836 2758 1129 2844 περιλειπομένους

64 2889 89 2929 κε
108 2867 327 2950 μετεπέμπετο
346 2870 569 2952 πανταχόθεν,
591 2868 638 2943 εἰς
656 2866 694 2931 δέ
714 2867 775 2950 την
793 2868 953 2932 Σικελίαν
971 2864 1129 2947 ἐξέπεμψε

108 2977 187 3052 τοὺς
206 2974 418 3058 δηλώσοντας
440 2985 486 3061 τῶ
510 2974 610 3061 πατρί
631 2975 672 3038 τά
695 2975 925 3057 συμβεβηκότα
947 2973 1002 3039 καὶ
1024 2993 1129 3056 παρα-

180 3167 348 3238 2προάγων
362 3168 392 3222 F.
429 3168 495 3230 τούς
512 3164 619 3237 ἡμίσεις
636 3182 689 3221 om.
705 3167 735 3220 F.
790 3165 929 3235 δέφυγεν
942 3165 977 3218 X.
1031 3165 1128 3219 δίκα-

109 3248 175 3302 νοῶς
192 3239 226 3293 X.
288 3239 323 3294 10
343 3237 599 3304 συναλλαλάξαντος
616 3239 646 3292 F.
708 3237 823 3292 11-13
842 3238 882 3298 είς
900 3235 1128 3298 ἀσυντάκτους-

105 3310 257 3383 Ἑλλήνων]
286 3311 326 3373 εἰς
350 3308 400 3373 τὰς
425 3309 615 3372 ἀσυντάκτους
639 3309 732 3363 αὐτῶν
758 3308 904 3378 φάλαγγας
928 3309 997 3378 ταχύ
1022 3309 1129 3376 τροπὴν

110 3380 211 3453 συνέβη
229 3380 364 3452 γενέσθαι
381 3390 437 3436 τῶν
451 3379 591 3450 Ἑλλήνων
610 3377 822 3452 πεφοβημένους
841 3381 901 3448 (sic)
921 3377 1018 3434 διὰτὸ
1037 3379 1129 3446 παρά-

109 3455 193 3519 δοξον
217 3453 250 3509 X.
324 3453 359 3508 13
382 3461 438 3508 τῶν
461 3449 664 3523 Καρχηδονίων
691 3451 745 3506 del.
770 3452 853 3505 iussit
878 3451 974 3504 Madv.
990 3451 1008 3501 ἱ
1025 3457 1139 3513 mm.

108 3524 144 3577 25
162 3522 341 3595 πανταχόθεν
359 3524 392 3580 X.
