2460 3848
107 189 173 253 220
475 184 650 241 Diodor.XX
664 191 707 240 33.
718 191 760 239 34.

107 334 219 417 χρείας
248 331 491 416 ἀποδεχόμενος
523 331 583 397 τὸν
612 332 720 417 ἀνδρα
751 340 791 417 τή
824 331 942 421 παιδιᾷ
972 333 1014 397 τά
1044 333 1129 419 πρὸς

107 440 243 525 πικρίαν
263 440 424 522 λεγόμενα
441 437 609 524 διέσυρεν·
632 437 650 504 δ
672 435 703 503 δ’
719 438 793 515 υἱὸς
810 434 1018 524 Ἀρχάγαθος
1035 444 1131 525 χαλε-

73 557 178 623 ιπῶς
205 544 318 633 φέρων
346 543 481 626 ἐπετίμα
508 567 543 610 τε
570 545 625 610 καί
653 545 862 629 διηπειλεῖτο.
909 546 1131 625 διαλυθέντος

108 653 146 719 δὲ
173 660 232 718 τοῦ
260 655 366 718 πότον
393 653 449 719 καί
471 654 555 740 πρὸς
576 654 639 737 τήν
662 653 789 736 σκηνήν
811 650 980 718 ἀπιόντων
1003 651 1131 719 ἀλοιδό-

109 775 211 846 ρησεν
242 759 260 824 ὁ
293 761 460 836 Λυκίσκος
490 761 550 825 τὸν
572 755 786 845 Ἀρχάγαθον
817 760 865 836 είς
896 761 958 844 τήν
985 771 1043 845 τής
1070 786 1131 846 μη·
1162 781 1175 822 ι

107 874 224 952 τρυιᾶς
250 868 413 951 μοιχείαν·
441 865 549 932 ἐδόκει
575 867 639 950 γάρ
668 863 756 951 έχειν
779 865 891 953 λάθρη
917 875 978 932 τοῦ
1006 868 1131 954 πατρὸς

73 975 170 1058 οτήν
193 970 338 1039 Ἀλκίαν·
369 982 468 1038 τοῦτο
497 974 561 1057 γάρ
588 969 632 1056 ήν
659 973 764 1056 ὄνομα
791 981 830 1059 τῇ
859 975 1003 1056 γυναικί.
1048 973 1066 1040 ὁ
1095 974 1128 1039 δ’

105 1076 311 1165 Ἀρχάγαθος
340 1082 388 1157 είς
418 1080 522 1166 ὀργήν
551 1079 828 1166 ὑπερβάλλουσαν
861 1081 1044 1164 προαχθείς
1074 1082 1131 1147 καλ

108 1187 198 1272 παρά
219 1210 311 1264 τινος
333 1198 401 1253 τῶν
419 1186 637 1252 ὑπασπιστῶν
656 1186 806 1272 ἀρπάσας
829 1187 973 1271 σιβύνην
994 1187 1131 1272 διήλασε

109 1294 164 1358 διὰ
187 1305 255 1359 τῶν
277 1299 441 1380 πλευρῶν.
485 1303 607 1359 τοῦτον
629 1294 690 1376 μὲν
713 1288 777 1359 οὑν
798 1304 997 1380 παραχρῆμα
1020 1298 1131 1360 τελεν-
1150 1315 1176 1356 ιο

107 1404 253 1485 τήσαντα
276 1401 360 1487 πρὸς
382 1402 444 1486 τήν
463 1401 553 1466 ίδίαν
572 1398 763 1485 ἀπήνεγκαν
780 1403 908 1486 σκηνήν
926 1394 977 1479 οἷς
999 1397 1043 1485 ήν
1061 1399 1131 1467 ἀπι-

108 1506 215 1590 μελές·
243 1508 309 1591 άμα
337 1504 368 1572 δ’
385 1507 491 1594 ἡμέρη
516 1509 739 1585 συνελθόντες
762 1508 795 1573 ολ
817 1517 877 1573 τοῦ
901 1507 1131 1592 φονευθέντος

109 1615 203 1698 φίλοι
225 1614 281 1679 καί
301 1615 420 1679 πολλοὶ
438 1625 505 1680 τῶν
524 1615 635 1679 ἀλλων
654 1626 864 1699 στρατιωτῶν
882 1615 1132 1701 συνδραμόντες

108 1719 319 1804 ἠγανάκτουν
338 1719 392 1786 ἐπὶ
414 1730 484 1798 τοῖς
506 1726 687 1806 πραχθεῖσι
709 1722 765 1786 καί
787 1723 942 1808 θορύβου
965 1723 1027 1806 τήν
1047 1743 1131 1806 παρ-

75 1844 89 1892 τ
109 1828 255 1911 εμβολήν
272 1825 477 1913 ἐπλήρωσαν.
514 1828 633 1893 πολλοὶ
653 1827 691 1893 δὲ
708 1828 765 1893 καί
782 1839 850 1894 τῶν
868 1827 922 1914 ἐφ’
939 1830 1132 1913 ἡγεμονίαις
1149 1847 1174 1889 ιε

109 1932 327 2019 τεταγμένων,
351 1933 388 2000 ἐν
407 1934 607 2019 ἐγκλήμασιν
630 1935 725 2011 ὄντες
746 1935 802 1999 καί
825 1936 1031 2020 φοβούμενοι
1054 1935 1132 2021 περὶ

109 2053 206 2126 σφῶν
230 2041 351 2126 αὐτῶν,
379 2041 637 2124 συνεπιθέμενοι
664 2051 709 2129 τῷ
737 2052 840 2127 καιρῷ
865 2042 983 2107 στάσιν
1006 2041 1046 2107 ού
1070 2044 1132 2127 τήν

108 2156 277 2234 τυχοῦσαν
314 2147 501 2226 ἐξέκαυσαν.
558 2148 681 2224 παντὸς
718 2147 756 2213 δὲ
791 2155 851 2213 τοῦ
888 2149 1133 2235 στρατεύματος

109 2265 416 2340 μισοπονηροῦντος
444 2254 575 2320 ἕκαστοι
602 2255 660 2331 τάς
686 2256 873 2332 πανοπλίας
899 2255 1132 2338 ἀνελάμβανον

110 2361 164 2428 ἐπὶ
186 2364 248 2447 τήν
266 2371 326 2428 τοῦ
351 2362 579 2446 φονεύσαντος
602 2362 775 2446 τιμωρίαν·
798 2363 855 2427 καί
872 2361 975 2448 πέρας
993 2363 1030 2427 τὸ
1050 2367 1132 2447 πλή-
1150 2386 1176 2426 ιο

108 2475 173 2545 θος
197 2465 278 2555 ρ’έετο
302 2467 375 2532 δείν
394 2466 603 2553 Ἀρχάγαθον
626 2466 850 2553 ἀναιρεῖσθαι,
873 2469 916 2553 μή
941 2467 1132 2546 ἐκδιδόντος

110 2574 148 2638 δὲ
174 2575 235 2639 τὸν
261 2575 339 2639 υίὸν
358 2571 602 2657 Ἀγαθοκλέους
625 2575 729 2640 αὐτὸν
752 2573 825 2641 ἀντ’
842 2574 972 2642 ἐκείνου
1000 2577 1062 2660 τήν
1084 2599 1132 2641 τι-

74 2683 239 2765 8μωρίαν
265 2680 409 2766 ὑπέχειν.
456 2678 607 2771 ἀπήτουν
630 2682 668 2746 δὲ
695 2682 750 2747 καί
777 2684 857 2760 τοὺς
882 2684 1028 2764 μισθοὺς
1053 2684 1132 2761 τοὺς

110 2787 349 2873 ὀφειλομένους
376 2788 431 2853 καί
459 2791 664 2872 στρατηγοὺς
689 2786 835 2878 ᾑροῦντο
860 2791 940 2866 τοὺς
963 2789 1133 2874 ἀφηγησο-

110 2895 232 2977 μένους
260 2904 321 2960 τοῦ
351 2895 577 2981 στρατοπέδου
607 2896 662 2961 καὶ
689 2897 727 2961 τὸ
755 2899 946 2961 τελευταίου
972 2897 1013 2961 τά
1040 2898 1132 2982 τείχη
1151 2918 1177 2960 ει

109 3001 397 3085 κατελαμβάνοντό
433 3024 522 3079 τινες
555 3011 615 3068 τοῦ
652 3002 800 3086 Τύνητος
831 3003 887 3068 καλ
918 3005 1133 3088 πανταχόθεν

57 3109 101 3174 34
111 3114 276 3194 φυλακαῖς
298 3108 497 3195 περιέλαβον
519 3111 598 3186 τοὺς
621 3109 795 3187 δυνάστας
841 3110 875 3175 οἱ
897 3110 935 3175 δὲ
958 3111 1133 3195 Καρχηδό-

182 3267 198 3321 1
218 3266 265 3321 ἐπὶ
283 3269 385 3340 παιδιᾷ
403 3266 495 3320 Madv.
510 3266 565 3334 Ip
576 3271 635 3320 514.
691 3267 756 3321 θτε
775 3285 829 3321 om
843 3267 874 3321 F
931 3265 1070 3323 7Ἀλκεία
1071 3269 1132 3323 vF.

111 3337 155 3392 10
169 3338 204 3462 Ill
222 3346 304 3392 τοῦτο
323 3319 376 3407 μὲύ
393 3334 515 3392 οὑνα
457 3357 495 3405 πρ
496 3341 571 3475 Χχθ
587 3343 758 3407 παραχρῆμα
777 3337 931 3407 ἐτελεύτησε
950 3336 1086 3406 καὶπρὸς
1098 3338 1133 3395 X.

106 3405 193 3462 ΠΣ
164 3428 242 3478 οςη
232 3405 326 3463 νέπι
326 3408 404 3478 μελδς
427 3426 480 3462 om.
564 3411 615 3464 ast.
635 3414 692 3463 not.
713 3408 808 3478 Steph
881 3410 917 3463 15
940 3408 1078 3500 ἐπλήρουν
1098 3409 1133 3467 X.

78 3476 152 3614 ἑνί
166 3429 361 3606 ήχρμονίᾳδ
439 3479 484 3538 22.
501 3479 538 3538 23
565 3479 636 3551 ὑπὲρ
666 3428 780 3535 ἐκείνου
799 3480 851 3550 τὴν
877 3478 1013 3549 τιμωρίαν
1040 3501 1082 3535 πα
1063 3502 1134 3550 α-ρα

114 3566 164 3604 εν
