2460 3848
447 171 601 238 01.119‚1:
621 176 674 225 σοι
689 187 713 224 a.
725 170 787 226 chr.
1060 175 1124 239 311

109 316 319 402 πεμφθέντες
342 316 535 400 ἐπανῆλθον
558 317 727 401 ἀπρακτοι.
773 312 896 398 έπεμψε
919 317 956 381 δὲ
978 326 1048 393 τοῖς
1061 314 1126 381 Ῥο-
1146 334 1161 382 3

110 427 195 501 δίοις
223 425 279 490 καί
306 424 506 510 Κάσανδρος
534 429 666 509 κριθῶν
694 423 874 505 μεδίμνους
903 425 1044 509 μυρίους
1072 424 1127 488 καί

109 534 301 616 Λυσίμαχος
323 541 441 615 πυρῶν
458 531 643 613 μεδίμνους
665 531 959 615 τετρακισμυρίους
981 530 1036 594 καί
1058 553 1128 613 κρι-

109 646 186 704 θῶν
208 640 286 715 τοὺς
314 637 416 714 ἴσους.
461 637 657 721 τηλικαύτης
685 631 747 701 οὖν
769 639 926 722 χορηγίας
953 646 1023 713 τοῖς
1046 638 1128 701 κατά

81 747 171 829 ιτῆν
200 748 301 811 πόλιν
329 744 509 828 γενομένης
537 745 601 828 ἤδη
631 743 811 825 κάμνοντες
841 753 912 821 ταῖς
943 752 1064 827 ψυχαῖς
1085 745 1128 831 ,οὶ

111 852 387 936 πολιορκούμενοι
431 852 532 916 πάλιν
577 850 814 934 ἀνεθάρρησαν
856 851 912 916 καί
956 851 1129 933 κρίναντες

112 958 295 1043 συμφέρειν
331 956 512 1024 ἐπιθέσθαι
551 967 623 1034 ταῖς
663 967 824 1042 μηχαναῖς
859 967 926 1024 τῶν
962 959 1128 1039 πολεμίων

111 1068 297 1151 πυρφόρων
315 1087 350 1130 τε
370 1071 501 1149 πλῆθος
522 1063 812 1150 παρεσκευάσαντο
835 1065 891 1129 καί
912 1067 991 1141 τοὺς
1014 1085 1128 1150 πετρο-

111 1174 234 1254 βόλους
260 1173 315 1237 καί
342 1174 421 1248 τοὺς
447 1170 615 1254 ὀξυβελεῖς
641 1167 784 1254 ἔστησαν
812 1171 959 1248 ἅπαντας
986 1169 1040 1236 ἐπὶ
1069 1181 1128 1237 τοῦ

68 1301 93 1339 ιο
111 1281 248 1363 τείχους.
294 1279 414 1354 νυκτὸς
439 1275 470 1342 δ’
483 1275 719 1361 ἐπιγενομένης
740 1277 815 1360 περὶ
840 1277 1000 1363 δευτέραν
1024 1283 1129 1362 φυλα-
1148 1298 1165 1344 4

58 1387 178 1469 ιῖσκῆν
202 1386 297 1468 ἀφνω
320 1396 390 1462 τοῖς
417 1385 478 1467 μὲν
501 1386 690 1468 πυρφόροις
717 1393 864 1468 συνεχῶς
890 1385 952 1467 τῆν
977 1383 1129 1450 ἑλέπολιν

112 1489 264 1576 έβαλλον,
301 1503 371 1568 τοῖς
408 1493 440 1556 δ’
466 1493 578 1567 ἀλλοις
613 1489 725 1574 βέλεσι
760 1494 931 1567 παντοίοις
966 1493 1130 1577 χρώμενοι

111 1601 190 1676 τοὺς
226 1598 294 1664 ἐκεῖ
325 1597 565 1683 συντρέχοντας
596 1599 864 1683 κατετίτρωσκον.
921 1600 953 1663 οῖ
985 1598 1024 1663 δὲ
1054 1599 1165 1682 περίο

111 1708 171 1771 τὸν
200 1709 394 1790 Δημήτριον
424 1704 624 1769 ἀνελπίστου
653 1713 711 1788 τῆς
741 1702 922 1783 ἐπιθέσεως
951 1705 1130 1789 γενομένης

68 1833 93 1873 15
112 1812 356 1896 ἀγωνιάσαντες
378 1812 455 1898 περὶ
477 1822 544 1877 τῶν
562 1812 902 1878 κατασκευασθέντων
925 1810 1034 1899 έργων
1052 1831 1130 1879 συν-

113 1919 247 2003 έτρεχον
275 1918 329 1984 ἐπί
356 1921 418 2004 τὴν
444 1921 616 2002 βοήθειαν.
666 1916 830 2003 ἀσελήνου
861 1919 899 1984 δὲ
928 1930 986 2003 τῆς
1012 1921 1166 1996 νυκτὸςο

112 2026 215 2108 οὔσης
242 2026 275 2090 ολ
302 2025 363 2106 μὲν
390 2028 560 2111 πυρφόροι
587 2023 769 2107 διέλαμπον
798 2028 978 2111 φερόμενοι
1006 2028 1132 2109 βιαίως,

112 2132 146 2195 οἱ
169 2131 201 2194 δ’
218 2130 385 2214 ὀξυβελεῖς
407 2132 463 2196 καί
485 2133 683 2217 πετροβόλοι
704 2133 766 2216 τῆν
789 2133 900 2216 φορὰν
923 2132 1132 2218 ἀπροόρατον

112 2234 243 2321 ἔχοντες
270 2240 415 2315 πολλοὺς
443 2238 642 2323 διέφθειρον
664 2249 731 2303 τῶν
756 2241 800 2323 μῆ
828 2239 1025 2321 δυναμένων
1053 2256 1132 2304 συν-

68 2364 94 2403 εο
113 2345 199 2409 ιδεῖν
225 2347 288 2429 τῆν
315 2342 559 2429 ἐπιφερομένην
586 2349 725 2430 πληγήν.
771 2342 890 2430 έτυχον
918 2346 956 2410 δὲ
984 2346 1039 2411 καί
1065 2357 1167 2421 τῶν-ι

113 2450 177 2516 ἀπὸ
207 2462 265 2536 τῆς
294 2462 441 2536 μηχανῆς
471 2453 616 2518 λεπίδων
645 2454 734 2530 τινὲς
763 2452 1005 2537 ἀποπεσοῦσαι,
1036 2474 1132 2519 κατα-

113 2554 322 2636 ψιλωθέντος
346 2559 427 2638 <δέ>
450 2568 510 2624 τοῦ
533 2560 638 2624 τόπου
662 2556 890 2644 προσέπιπτον
908 2561 941 2625 ολ
963 2563 1133 2646 πυρφόροι

113 2675 158 2749 τῷ
182 2662 365 2749 ξυλοφανεῖ
381 2674 441 2730 τοῦ
460 2665 775 2748 κατασκευάσματος.
813 2667 928 2753 διόπερ
948 2667 1134 2751 ἀγωνιάσας

114 2770 339 2857 ὁΛημήτριος
361 2775 485 2857 μῆποτε
507 2781 567 2837 τοῦ
591 2774 697 2856 πυρὸς
720 2771 980 2858 ἐπινεμηθέντος
1002 2774 1133 2838 ἀπασαν

69 2897 95 2937 ιι
115 2881 225 2962 συμβῆ
248 2879 310 2962 τῆν
333 2880 484 2963 μηχανῆν
507 2885 736 2963 λυμανθῆναι,
764 2882 847 2946 κατά
874 2882 972 2966 τάχος
999 2879 1134 2964 ἐβοηθει

185 3107 203 3160 5
225 3104 373 3175 γινομένης
396 3108 425 3162 F.
499 3108 534 3163 10
558 3108 634 3179 περὶ]
661 3107 706 3162 ἐπὶ
729 3109 759 3162 F.
832 3108 866 3162 11
889 3117 949 3170 τοῖς
968 3108 1019 3178 μὲν
1036 3128 1135 3178 πετρο-

114 3177 207 3250 βόλοις
231 3178 262 3244 F,
289 3194 357 3232 corr.
382 3184 406 3233 2.
426 3197 462 3233 m.
488 3179 519 3232 in
543 3196 632 3248 marg.
700 3188 807 3250 συχνοῖς
831 3181 861 3233 F.
934 3179 984 3250 τῆν
1010 3178 1134 3236 ἑλέπολιν

115 3250 242 3321 ἔβαλλον]
261 3249 312 3318 τῆν
327 3250 456 3319 φυλακὴν
473 3249 573 3322 ἔβαλον
588 3251 668 3305 codd.
683 3250 802 3318 (inverso
816 3250 963 3305 verborum
978 3252 1075 3308 ordine
1088 3253 1134 3321 F);

115 3319 240 3376 ἑλέπολιν
262 3320 307 3374 vel
329 3321 457 3390 μηχανὴν
482 3322 593 3376 Reiske.
666 3322 702 3376 13
724 3322 786 3394 εἰκῆ
811 3322 840 3376 F.
913 3323 949 3377 19
970 3331 1026 3378 τῶν
1048 3343 1135 3394 μαχο-

114 3389 206 3460 μένων
230 3392 280 3446 καί
305 3391 341 3461 μὴ
368 3391 532 3461 δυναμένων
558 3396 682 3447 συνιδεῖν
704 3391 737 3447 Χ.
814 3393 850 3447 22
874 3393 948 3468 (δὲ)
973 3395 1038 3449 add.
1057 3395 1134 3460 ιδὼς

114 3461 168 3531 γάρ
187 3464 217 3517 F.
254 3460 414 3532 πυροφόροι
431 3463 482 3516 RX
501 3463 546 3533 (cf.
560 3463 694 3529 ΧΧ48,6
714 3464 764 3518 ubi
781 3462 975 3535 πυρσοφόροι).
1043 3465 1079 3520 28
1100 3470 1139 3540 τῷ

115 3535 270 3601 ξυξοφανεῖ
286 3552 373 3603 susp.;
392 3539 430 3608 τῷ
445 3537 597 3604 ξολοπαγεῖ
612 3535 733 3589 Μοόν.Ι
750 3554 777 3605 p.
793 3541 854 3591 517.
