2460 3848
110 187 176 254 208
466 184 579 240 Diodor.
590 184 641 238 XX
655 191 777 240 24-26.

110 332 222 417 άρχων
245 333 391 414 νομίμως
418 340 485 396 τῶν
508 329 783 414 ὑποτεταγμένων
805 330 861 396 καί
888 331 944 396 διά
971 331 1033 415 την
1058 331 1132 417 ἀρε-

56 436 171 522 25τῆν
198 438 239 503 οὐ
267 440 406 524 μετρίως
435 439 695 520 θαυμαζόμενος.
745 438 948 515 Βυζαντίους
976 437 1039 521 μὲν
1067 440 1132 525 γάρ

109 545 165 610 καί
187 549 355 621 Σινωπεῖς
376 543 432 609 καί
454 555 522 610 τῶν
546 545 657 610 ἀλλων
675 541 845 629 Ἑλλήνων
867 554 935 609 τῶν
957 546 1018 610 τὸν
1041 547 1133 611 Πόν-

110 674 169 717 τον
199 651 384 717 οἰκούντων
412 653 491 728 τοὺς
520 653 696 727 πλείστους
724 650 907 717 διετέλεσεν
934 650 1131 737 εὐεργετῶν·

109 761 373 823 Καλλαντιανῶν
396 757 434 822 δέ
456 756 750 844 πολιορκουμένων
772 757 838 824 ὑπὸ
857 758 1053 843 Λυσιμάχου
1076 759 1133 825 καί
1165 781 1178 821 ι

109 863 333 949 πιεζουμένων
355 873 395 950 τῇ
419 864 539 930 σπάνει
561 875 628 930 τῶν
652 863 842 949 ἀναγκαίων
863 867 992 950 χιλίους
1014 865 1133 932 ὑπεδέ-

110 971 186 1051 ξατο
216 974 295 1050 τοὺς
324 971 381 1036 διά
409 972 471 1056 τῆν
501 971 670 1037 σιτοδείαν
699 968 957 1058 ἐκχωρήσαντας.
1011 964 1061 1050 οἷς
1090 973 1131 1038 ού

108 1079 214 1161 μόνον
236 1089 294 1164 τῆς
316 1087 510 1163 καταφυγῆς
532 1076 714 1164 παρέσχετο
740 1078 802 1161 τῆν
825 1077 1021 1164 ἀσφάλειαν,
1049 1079 1133 1145 ἀλλά

108 1185 164 1250 καί
186 1188 286 1251 πόλιν
309 1182 411 1251 έδωκε
434 1195 611 1269 κατοικείν,
634 1181 690 1249 ἐπί
712 1183 750 1248 δέ
772 1184 903 1262 τούτοις
926 1186 988 1270 την
1011 1185 1133 1269 ὀνομα-

73 1290 249 1377 κζομένην
272 1294 368 1358 Ψόαν
390 1293 446 1358 καί
472 1293 535 1376 τῆν
557 1293 669 1378 χῶραν
692 1292 1006 1377 κατεκληρούχησεν.
1046 1292 1132 1379 ὑπὲρ
1152 1315 1178 1355 ιο

109 1399 147 1465 δὲ
168 1410 236 1465 τῶν
254 1402 426 1466 πλεόντων
447 1399 508 1464 τὸν
527 1401 663 1464 Πόντον
686 1399 833 1481 πόλεμον
855 1396 1026 1484 ἐξενέγκας
1048 1402 1133 1486 πρὸς

108 1508 186 1584 τοὺς
227 1507 401 1597 λῃστεύειν
437 1507 600 1582 εἰωθότας
635 1504 827 1591 βαρβάρους
859 1503 1037 1590 Ἡνιόχους
1076 1507 1132 1572 καί

113 1614 279 1700 Ταύρους,
314 1610 362 1678 έτι
394 1612 427 1677 δ’
451 1614 601 1697 Ἀχαιοὺς
633 1613 788 1698 καθαράν
820 1617 950 1703 ληστῶν
983 1612 1132 1692 ἀπέδειξε

108 1722 169 1805 τὴν
200 1721 388 1802 θάλασσαν,
420 1719 504 1784 ὥστε
535 1719 579 1803 μη
612 1720 718 1802 μόνον
749 1721 831 1785 κατδι
858 1720 920 1804 τῆν
947 1721 1131 1804 βασιλείαν,

109 1825 192 1891 ἀλλά
214 1827 269 1892 καί
291 1827 374 1891 κατά
397 1834 508 1891 πᾶσαν
527 1826 647 1911 σχεδὸν
664 1827 727 1910 τῆν
745 1825 956 1911 οἰκουμένην,
979 1827 1132 1911 διαγγελ-
1150 1846 1177 1888 ιι

109 1934 237 1999 λόντων
255 1944 323 1999 τῶν
341 1930 496 2020 ἐμπόρων
514 1935 576 2019 τῆν
598 1935 858 2018 μεγαλοψυχίαν,
881 1932 1131 2018 ἀπολαμβάνειν

73 2057 89 2106 3
107 2048 165 2124 τῆς
188 2040 379 2126 εὐεργεσίας
401 2041 531 2126 καρπὸν
554 2039 732 2105 κάλλιστον
753 2040 814 2106 τὸν
837 2036 984 2106 ἔπαινον.
1028 2057 1131 2127 προσ-

108 2150 265 2232 εκτήσατο
296 2147 333 2213 δέ
363 2148 419 2213 καί
449 2157 506 2233 τῆς
536 2146 775 2231 συνοριζούσης
801 2146 974 2233 βαρβάρου
1002 2149 1131 2232 πολλὴν

107 2253 163 2319 καί
180 2256 242 2339 τῆν
260 2256 433 2337 βασιλείαν
447 2251 711 2339 ἐπιφανεστέραν
724 2250 780 2318 ἐπί
797 2255 884 2319 πολὺ
903 2254 1130 2321 κατεσκεύασε.

107 2362 257 2426 καθόλου
290 2357 320 2425 δ’
348 2358 538 2446 ἐπεχείρησε
569 2359 677 2425 πάντα
713 2361 754 2424 τά
790 2360 867 2446 περί
902 2361 962 2425 τὸν
994 2362 1131 2426 Πόντον
1149 2384 1177 2425 ιο

108 2464 192 2552 έθνη
220 2466 509 2553 καταστρέφεσθαι
535 2466 592 2532 καί
618 2465 700 2552 τάχα
730 2465 772 2533 ἀν
800 2465 958 2552 ἐκράτησε
981 2477 1038 2552 τῆς
1061 2465 1131 2533 ἐπι-

107 2577 223 2659 βολῆς,
254 2576 283 2640 εἰ
311 2576 355 2659 μῆ
385 2573 552 2656 σύντομον
580 2570 654 2658 ἐσχε
681 2575 743 2658 τῆν
769 2582 830 2641 τοῦ
855 2575 935 2659 βίου
963 2577 1129 2659 τελευτήν.

107 2680 205 2747 πέντε
232 2682 295 2767 γάρ
324 2678 379 2765 έτη
406 2681 462 2746 καί
484 2683 563 2758 τοὺς
586 2680 681 2758 ἰσους
702 2689 809 2766 μῆνας
832 2681 1032 2764 βασιλεύσας
1054 2704 1130 2747 κατ·

179 2838 196 2892 2
214 2837 267 2908 γὰρ
286 2854 339 2893 om.
354 2838 384 2893 F.
448 2838 466 2893 δ
484 2835 533 2894 τδν
548 2843 584 2894 Π.
599 2847 753 2908 περιοικεῖν
771 2839 917 2905 usitatius3
937 2839 972 2894 ef.
991 2837 1030 2892 IV
1043 2843 1088 2906 40,
1103 2844 1129 2894 4.

106 2910 125 2964 5
142 2911 361 2964 Καλλαντιανῶν
385 2909 465 2965 codd.
485 2926 594 2978 omnes;
613 2911 648 2966 of.
669 2911 706 2965 ad
724 2909 782 2965 ind.
800 2909 865 2963 XIX
883 2907 922 2976 λζ’
924 2953 929 2964 .
1002 2909 1021 2964 6
1037 2914 1130 2975 πιεζο-

107 2978 198 3051 μένων
216 2981 246 3034 F.
300 2985 335 3052 τῆ
354 2997 407 3035 om.
424 2979 457 3036 X
532 2981 804 3052 ἰάποχωρῆοαντας
822 2982 852 3036 F.
926 2978 1129 3054 Βπαρέσχετο]

108 3052 142 3107 cf.
168 3051 304 3105 Hultzsch
326 3070 368 3121 pr.
387 3052 450 3106 Ροε.
470 3071 497 3122 p.
514 3059 537 3108 ⁷.
615 3052 633 3108 θ
656 3052 760 3109 ἔδωκεν
786 3054 826 3117 εἰς
851 3051 1008 3122 ἀσφάλειαν
1034 3072 1130 3106 κατοι-

107 3132 168 3178 κεῖν
185 3121 219 3176 Χ.
274 3122 325 3193 τὴν
348 3122 398 3178 όνο
419 3120 555 3193 αζομένην
577 3121 659 3179 Ψόαν
677 3125 727 3179 καί
745 3124 796 3195 τὴν
814 3125 909 3195 χώραν
931 3123 999 3178 libri
1020 3140 1128 3192 omnm

106 3193 192 3249 verba
209 3194 256 3248 vix
274 3211 356 3263 sana3
379 3144 431 3264 τάν
454 3192 661 3265 ὀνομαζομένην
685 3195 905 3266 Ψοανκαητικὴν
924 3195 1129 3267 (Ψοαντικὴνῖ)

107 3267 201 3335 χώραν
220 3267 362 3336 sagaciter
379 3266 471 3320 Madv.
486 3266 499 3320 I
516 3285 543 3336 p.
560 3273 625 3334 1313
649 3268 739 3337 ipsam
763 3268 885 3322 nominis
907 3267 1028 3322 formam
1048 3283 1130 3336 prae-

107 3339 183 3391 stare
214 3355 272 3393 non
302 3338 382 3404 licet3
414 3343 582 3393 Χοιανοιται
609 3341 758 3393 occurrunt
786 3339 862 3408 apud
890 3337 982 3393 Strab.
1005 3337 1044 3392 XI
1066 3344 1128 3406 Μ

104 3405 251 3474 (Χαινίδες
277 3409 350 3464 Ptol.
371 3409 397 3462 V
416 3415 441 3476 8,
459 3415 505 3477 12;
534 3410 653 3466 Mueller
677 3411 714 3464 ad
739 3409 766 3465 h.
785 3409 828 3480 1.),
854 3409 1024 3479 Κοναψηκοί
1052 3410 1129 3478 apud

86 3477 163 3532 Ptol.
178 3479 238 3548 LI„
256 3481 292 3538 de
308 3480 499 3553 quibuslicet
513 3481 630 3555 cogites.
682 3481 719 3536 u
735 3477 785 3537 τὸν
803 3477 924 3550 πόλεμον
940 3478 970 3536 F.
1025 3481 1061 3536 15
1079 3481 1129 3535 καλ

73 3551 178 3605 πάσαν
192 3550 228 3607 F.
309 3555 346 3613 21
367 3555 446 3632 τάχα
467 3553 506 3616 διν
524 3555 604 3614 libri.
