2460 3848
428 169 542 237 01.117‚
554 177 581 224 1:
602 175 653 224 ιιι
669 186 693 223 τ.
705 168 767 224 chr.
1044 174 1107 238 147

89 317 275 399 λιβανωτόν
302 337 337 380 τε
359 314 415 379 καί
439 315 591 400 σμύρναν
613 315 669 380 καί
691 316 732 379 τά
755 313 1018 380 πολυτελέστατα
1041 326 1108 381 τῶν

89 422 281 509 ἀρωμάτων,
309 421 538 506 διαδεχόμενοι
566 424 655 508 παρὰ
677 434 745 487 τῶν
767 425 969 504 κομιζόντων
992 420 1028 488 έκ
1051 432 1109 505 τῆς

87 531 300 612 Εὐδαίμονος
338 527 544 613 καλουμένης
576 525 739 614 Ἀραβίας.
799 529 1034 615 φιλελεύθεροι
1071 529 1111 594 δέ
1145 546 1161 595 6

88 638 153 702 είσι
184 637 412 722 διαφερόντως
447 635 502 701 καί
539 636 619 701 ὅταν
651 638 818 719 πολεμίων
850 636 991 719 δύναμις
1023 635 1108 721 ἀδρά

56 746 224 834 ιιιροσίη,
257 743 443 828 φεύγουσιν
475 743 523 819 είς
553 744 615 827 την
647 739 781 828 έρημον,
812 743 915 833 ταύτη
944 743 1108 829 χρώμενοι

88 851 288 936 ὀχυρώματι·
316 849 463 935 ἀνυδρος
489 851 553 935 γάρ
577 844 662 914 οὖσα
684 859 754 926 τοῖς
775 849 837 932 μὲν
860 851 972 927 ἀλλοις
996 850 1108 916 ἀνεπί-

42 972 85 1022 ι91
92 959 193 1040 βατός
224 954 308 1040 ἐστι,
338 955 469 1033 τούτοις
501 956 539 1021 δὲ
570 958 846 1022 κατεσκευακόσιν
878 957 995 1041 ἀγγεῖα
1025 959 1108 1022 κατά

87 1074 149 1149 λῆς
176 1063 299 1149 ὀρυκτά
325 1062 541 1145 κεκονιαμένα
568 1065 683 1146 μόνοις
710 1062 885 1150 παρέχεται
912 1065 978 1149 μην
1001 1064 1108 1149 ἀσφά-

89 1176 190 1235 λειαν.
235 1181 294 1254 τῆς
315 1172 378 1255 γάρ
402 1180 463 1254 γης
486 1171 588 1254 οῦσης
610 1179 668 1253 τῆς
689 1170 752 1254 μὲν
775 1171 1020 1257 ἀργελλώδους,
1050 1180 1107 1254 τῆς
1145 1187 1160 1236 ‘1

43 1297 69 1337 10
88 1276 127 1342 δὲ
145 1276 269 1363 πέτραν
287 1275 426 1362 ἐχούσης
444 1279 594 1362 μαλακὴν
613 1277 784 1363 ὀρύγματα
803 1278 929 1361 μεγάλα
951 1286 1108 1343 ποιοῦσιν

88 1382 125 1450 ἐν
158 1383 256 1469 αὐτῇ,
288 1378 336 1449 ὧν
368 1386 409 1448 τά
439 1383 501 1467 μὲν
530 1385 647 1466 στόμια
678 1386 778 1470 μικρά
811 1390 980 1461 παντελῶς
1010 1407 1107 1449 κατα-

88 1492 296 1575 σκευάζουσι,
336 1492 418 1557 κατὰ
453 1491 585 1573 βάθους
621 1487 651 1554 δ’
684 1491 735 1557 ἀεὶ
770 1496 897 1575 μᾶλλον
933 1491 1106 1576 εὐρυχωρῆ

87 1607 262 1675 ποιοῦντες
288 1599 326 1662 τὸ
354 1602 545 1663 τελευταῖον
571 1595 736 1682 τηλικοῦτ’
759 1598 958 1664 ἀποτελοῦσι
985 1599 1023 1663 τὸ
1052 1598 1107 1680 μέ-

87 1713 188 1791 γεθος
207 1705 291 1770 ὥστε
309 1705 466 1788 γίνεσθαι
484 1706 633 1790 πλευράν
652 1703 793 1790 ἑκάστην
810 1704 972 1791 πλέθρου.
1004 1713 1107 1770 ταῦτα
1143 1719 1160 1768 8

42 1829 69 1870 1⁶
87 1812 125 1878 δὲ
153 1813 194 1877 τά
222 1812 338 1896 ἀγγεῖα
364 1816 569 1897 πληροῦντες
595 1805 718 1888 ύδατος
743 1812 884 1898 ὀμβρίου
907 1813 948 1877 τά
971 1811 1103 1894 στόματ’

87 1918 312 2005 ἐμφράττουσι
343 1918 399 1983 καί
431 1928 604 1996 ποιοῦντες
638 1919 796 1984 ἰσόπεδον
822 1927 862 2004 τῇ
890 1923 989 2004 λοιπῇ
1016 1919 1107 2006 χώρᾳ

88 2036 205 2110 σημεῖα
227 2026 484 2090 καταλείπουσιν
507 2023 637 2102 ἑαυτοῖς
659 2024 721 2108 μὲν
743 2027 1008 2110 γιγνωσκόμενα,
1037 2036 1107 2102 τοῖς

87 2132 119 2197 δ’
136 2133 249 2209 ἀλλοις
271 2130 480 2216 ἀνεπινόητα.
526 2134 697 2210 ποτίζουσι
719 2131 757 2197 δὲ
779 2132 835 2197 καί
857 2133 919 2216 τὴν
942 2133 1035 2196 λείαν
1058 2128 1102 2195 δι’
1143 2148 1158 2195 9

86 2240 219 2325 ἡμερῶν
237 2251 350 2324 τριῶν,
373 2239 462 2316 ὅπως
485 2237 522 2304 ἐν
545 2249 617 2316 ταῖς
640 2236 815 2325 ἀνυδρίαις
837 2239 893 2304 καί
916 2248 1040 2323 φυγαῖς
1062 2239 1105 2322 μὴ

41 2363 69 2404 2⁰
87 2345 315 2431 προσδέωνται
356 2356 507 2431 συνεχῶν
547 2344 688 2412 ὑδάτων.
749 2345 844 2411 αὐτοὶ
885 2345 923 2410 δὲ
962 2355 1107 2431 χρῶνται

86 2463 196 2539 τροφῇ
222 2452 338 2539 κρέασι
364 2453 420 2518 καί
447 2453 584 2537 γάλακτι
610 2453 666 2519 καί
693 2464 761 2520 τῶν
789 2451 825 2518 ἐκ
852 2463 909 2537 τῆς
936 2462 998 2537 γῆς
1023 2476 1107 2537 φυο-

86 2559 197 2643 μένων
228 2570 299 2637 τοῖς
330 2558 540 2644 ἐπιτηδείοις·
573 2560 693 2645 φύεται
724 2562 788 2647 γάρ
821 2559 898 2646 παρ’
925 2559 1038 2637 αὐτοῖς
1068 2562 1105 2625 τὸ
1126 2575 1159 2623 10

87 2666 205 2751 πέπερι
222 2667 278 2732 καλ
297 2665 361 2732 ἀπὸ
379 2678 447 2731 τῶν
466 2665 617 2751 δένδρων
635 2667 708 2749 μέλι
726 2668 815 2731 πυλὺ
839 2667 876 2731 τὸ
899 2668 1106 2750 καλούμενον

87 2775 216 2859 ἀγριον,
237 2765 259 2862 ᾇ
277 2784 421 2859 χρῶνται
440 2785 529 2858 ποτῷ
548 2769 625 2855 μεθ’
638 2772 769 2849 ὕδατος.
806 2769 876 2837 ἔστι
894 2774 932 2839 δὲ
949 2773 1005 2839 καί
1023 2775 1106 2838 ἀλλα

42 2900 68 2940 ει
87 2879 168 2966 γένη
197 2890 265 2945 τῶν
290 2879 450 2965 Ἀράβων,
480 2873 528 2944 ὧν
560 2876 633 2944 ένια
664 2879 719 2945 καί
751 2889 891 2964 γεωργεῖ
920 2881 1106 2964 μιγνύμενα

87 2997 157 3064 τοῖς
193 2985 497 3072 φορολογουμένοις
532 2987 589 3053 καί
623 2985 749 3070 μετέχει
787 2996 854 3051 τῶν
891 2987 1001 3051 αὐτῶν
1037 2995 1107 3062 τοῖς

88 3094 214 3179 Σύροις
237 3095 325 3178 πλὴν
347 3102 407 3159 τοῦ
431 3102 666 3177 πατασκηνοῦν
689 3091 726 3158 έν
749 3094 876 3169 οίκίαις.

159 3251 177 3305 5
201 3251 310 3324 προσήη
334 3252 365 3305 F.
438 3251 455 3306 8
480 3247 666 3318 κεκονιαμένα
689 3267 742 3305 om.
763 3251 785 3304 F
810 3250 885 3320 (add.
905 3254 929 3303 2.
945 3251 991 3316 m.)
1016 3249 1065 3318 qui
1087 3248 1106 3302 ἀ

87 3319 184 3392 μόνοις
197 3321 323 3391 Ριαεδθτ.
360 3331 408 3392 τῆς
422 3319 577 3391 ἀσφαλείας
590 3322 620 3387 F,
636 3338 703 3376 corr.
720 3327 744 3375 2.
754 3339 791 3376 m.
844 3321 861 3374 9
875 3321 1062 3390 ἀργιλλάδους
1075 3321 1104 3373 F.

88 3393 123 3447 12
141 3395 284 3465 εὐρυχωρῆ
297 3394 328 3460 λ’,
343 3394 419 3462 quod
433 3400 457 3448 2.
468 3412 504 3448 m.
519 3395 588 3447 ωειλ.
602 3394 633 3446 in
646 3390 819 3463 εὐρυχωρίαν
834 3389 927 3462 (Ἠλῖ).
981 3391 1020 3443 13
1033 3395 1113 3453 ακόκ-

87 3474 189 3521 κοῦτον
207 3466 238 3520 F.
274 3462 306 3519 τὸ
325 3481 378 3519 om.
393 3465 426 3518 R.
500 3464 533 3519 17
553 3465 701 3537 γιγνωοκλ
716 3462 948 3535 mmmmm.
1015 3458 1063 3506 ‘R
1083 3453 1140 3499 *Q

88 3534 145 3592 ἀπὸ
163 3545 220 3591 τῶν
237 3533 362 3604 δένδρων
381 3535 486 3608 Wese.3
505 3536 577 3594 libri
595 3535 656 3595 ἀπὸ
674 3545 734 3594 τῶν
755 3533 891 3602 δένδρων
910 3528 980 3583 τοῦἱ
1055 3558 1059 3564 =

950 3626 1010 3682 m*
