2460 3848
480 231 577 284 LIBRI
595 231 653 286 XX.
1008 230 1072 283 XIX

58 323 111 370 Cap.

76 397 118 447 98.
138 393 242 447 lthodii
260 409 332 447 nova
349 393 526 446 vehementia
549 393 579 446 in
602 392 696 448 hostes
718 395 856 462 impetum
874 392 990 447 faciunt.
1027 392 1073 445 In-

165 471 306 527 stantibus
325 471 495 526 Graecarum
514 473 661 527 civitatum
679 473 782 544 legatis
800 474 880 543 pacis
898 473 1073 527 conditiones

164 556 370 622 proponuntur,
390 554 425 607 de
444 552 546 622 quibus
563 555 660 609 tamen
678 570 733 609 non
753 555 889 609 convenit.
927 553 1074 607 Renovant

165 633 201 687 ab
219 635 339 702 utraque
357 636 438 702 parte
456 632 569 688 bellum.

77 719 119 769 99.
138 714 315 768 Adhortante
334 716 362 767 et
380 715 522 784 Antigono
548 719 577 769 et
598 715 760 769 Ptolemaeo
786 731 843 783 pax
868 731 932 768 cnm
955 712 1074 768 Rhodiis

165 794 260 848 initur.
296 793 377 847 Pacis
397 811 461 848 curn
479 795 596 850 Rhodiis
616 796 710 849 factae
729 795 923 850 conditiones.¹

62 879 120 927 100.
139 873 312 928 Rhodiorum
330 874 361 927 in
379 891 443 928 snos
462 891 598 945 regesque
620 875 697 929 urbis
717 878 884 943 servatores,
908 875 1074 944 praesertim

165 953 366 1022 Ptolemaeum,
381 955 479 1024 pietas.
500 954 658 1010 Demetrius
668 955 963 1012 exindeinCraeciam
978 955 1073 1021 movit,

166 1051 183 1088 a
202 1034 344 1089 Casandro
363 1040 392 1089 et
409 1034 632 1104 Polyperchonte
651 1040 825 1104 occupatam.

200 1115 261 1169 Hoc
274 1116 401 1183 tempore
415 1114 560 1184 Eumelus,
579 1116 697 1185 Bospori
711 1133 771 1184 rex,
791 1120 930 1185 mortuns3
949 1117 1075 1171 succedit

167 1196 319 1265 Spartacus
337 1194 419 1249 filius.

60 1283 120 1334 101.
138 1276 171 1330 ln
197 1275 294 1329 Sicilia
317 1274 488 1344 Agathocles
514 1275 593 1329 nulla
620 1276 768 1331 lacessitus
793 1278 897 1332 iniuria
922 1277 1074 1345 Liparaeos

166 1356 270 1409 iniusto
282 1354 356 1409 bello
371 1356 518 1424 oppressit.
545 1355 682 1411 Pecunias
695 1357 776 1412 Aeoli
790 1360 819 1411 et
828 1356 949 1412 Vulcani
962 1357 1075 1410 nomine

166 1437 290 1505 insignes
309 1452 372 1489 cnm
391 1436 543 1504 rapuisset,
565 1437 719 1491 vindictam
744 1437 867 1491 divinam
889 1455 945 1492 non
966 1437 1073 1506 effugit.

201 1516 233 1570 ln
252 1515 336 1569 Italia
354 1516 428 1570 inter
445 1516 586 1570 Romanos
610 1520 639 1571 et
657 1517 797 1572 Samnites
816 1521 881 1587 post
898 1518 1000 1588 viginti
1019 1518 1074 1571 duo

167 1613 254 1651 annos
272 1613 329 1666 pax
347 1596 432 1650 facta.

398 1721 440 1776 Ol.
457 1727 516 1786 119,
527 1729 542 1775 2
552 1745 557 1776 :
567 1728 618 1776 303
634 1740 658 1777 a.
674 1723 736 1776 Chr.

61 1818 120 1866 102.
140 1811 277 1867 Demetrii
293 1809 399 1864 bellurn
419 1827 470 1880 pro
484 1811 633 1867 liberanda
648 1812 767 1867 Graecia
787 1814 989 1867 continuatum.
1021 1810 1075 1864 lni-

166 1891 238 1945 tium
257 1890 325 1946 belli
343 1891 503 1945 Demetrius
522 1891 558 1946 ab
577 1892 646 1947 urbe
666 1892 859 1962 Sicyoniorum
884 1892 966 1960 facit,
991 1907 1075 1960 qnam

167 1973 194 2025 vi
213 1974 357 2042 expugnat
376 1974 404 2026 et
422 1971 578 2026 Ptolemaei
596 1973 770 2041 praesidium
789 1973 912 2044 expellit.
952 1972 1076 2040 Sicyonii

166 2055 199 2106 ut
218 2055 388 2107 servatorem
407 2055 436 2105 et
454 2053 628 2108 conditorem
646 2053 818 2109 Demetrium
840 2055 1015 2109 venerantur.

61 2140 120 2188 103.
141 2133 289 2187 Corinthus
320 2148 371 2200 per
401 2131 530 2186 fraudem
559 2152 576 2187 a
602 2133 744 2188 Demetrio
782 2137 878 2202 capta3
915 2132 1076 2200 Prepelans,

168 2213 302 2268 Casandri
320 2212 444 2282 legatus,
463 2211 532 2267 urbe
550 2213 682 2282 expulsus
700 2215 736 2269 ad
751 2214 922 2269 Casandrum
937 2212 1076 2281 coniugit3

167 2295 290 2347 Achaiae
314 2291 398 2347 urbes
423 2292 567 2348 liberatae.
615 2293 818 2350 Orchomenum
846 2291 1077 2362 Polyperchontis

166 2374 306 2441 praesidio
331 2374 474 2427 firmatum
498 2375 525 2427 vi
552 2375 722 2444 expugnavit
744 2375 915 2441 Demetrins;
942 2372 1076 2427 Strombi-

168 2454 264 2522 chum,
283 2455 417 2523 praesidii
436 2453 622 2522 praefectum,
642 2456 672 2509 in
691 2472 801 2510 crucem
820 2456 886 2526 egit.

62 2541 120 2591 104.
140 2535 172 2589 In
186 2534 268 2588 Italia
281 2534 426 2588 Tarentini
445 2550 507 2587 cum
522 2534 641 2588 Lucanis
656 2538 684 2589 et
697 2536 830 2590 Romanis
849 2534 953 2589 bellum
971 2532 1077 2587 habue-

167 2618 240 2668 runt.
273 2614 403 2683 Spartani
418 2615 576 2668 Tarentinis
595 2616 700 2668 auxilia
713 2616 813 2670 misere
833 2617 903 2669 duce
919 2614 1076 2683 Cleonymo,

168 2696 246 2749 cuius
270 2694 301 2747 in
322 2694 433 2749 Italiam
458 2696 633 2750 excursiones
657 2695 752 2764 ibique
770 2696 863 2749 factae
881 2694 1077 2764 populationes

168 2773 371 2830 describuntur.

62 2865 120 2913 105.
141 2858 307 2926 Cleonymus
330 2854 365 2909 ab
390 2855 449 2908 eins
472 2857 594 2927 regionis
616 2857 742 2911 barbaris
762 2873 910 2924 oppressus
929 2857 958 2908 in
977 2854 1076 2923 Corcy-

167 2955 226 2990 ram
246 2937 364 3007 aufugit.

399 3035 440 3090 01.
457 3040 517 3100 119,
528 3041 542 3087 3
555 3058 560 3088 :
573 3041 624 3089 302
640 3054 663 3088 a.
680 3035 741 3089 Chr.

62 3132 120 3180 106.
141 3126 281 3179 Casander
300 3124 335 3179 ob
354 3124 443 3178 factos
457 3124 593 3178 Demetrii
609 3140 771 3194 progressus
785 3141 871 3192 regno
887 3140 935 3177 suo
950 3125 1077 3177 metuens

167 3221 266 3273 pacem
285 3205 320 3258 ab
339 3205 481 3275 Antigono
499 3205 650 3274 impetrare
670 3205 771 3259 studet.
806 3204 866 3257 Hac
886 3220 934 3272 spe
954 3203 1077 3258 deiectus

167 3285 377 3354 Lysimachum,
396 3285 600 3353 Ptolemaeum,
623 3285 767 3340 Seleucum
792 3286 829 3338 ad
852 3283 956 3338 bellum
981 3285 1078 3337 contra

167 3365 341 3435 Antigonum
359 3366 490 3420 concitat.

63 3454 120 3503 107.
141 3446 283 3500 Casander
308 3449 405 3500 contra
430 3447 608 3503 Demetrium
631 3448 666 3504 in
686 3444 894 3508 hhessalxam,
908 3436 1117 3519 hymmum}

160 3528 190 3580 in
208 3527 307 3581 Asiam
332 3532 440 3599 movet,
465 3532 557 3588 misso
576 3530 668 3587 simul
683 3525 839 3597 Prepelao
858 3537 933 3576 cum
948 3509 1092 3567 exerens
1104 3513 1145 3546 w

152 3605 283 3664 Aeolidis
304 3614 335 3666 et
352 3611 459 3672 Ioniae
479 3615 581 3673 urbes.
