2460 3848
113 195 137 258 4
524 189 637 244 Diodor.
652 187 723 244 XIX.
751 174 758 187 ’

115 328 164 403 με’.
185 335 230 396 Ὡς
244 330 381 394 Σέλευκος
399 331 477 400 παρὰ
490 328 666 401 Πτολεμαίου
684 332 778 402 λαβὼν
796 332 917 400 δύναμιν
936 329 1032 401 ὀλίγην
1051 330 1135 401 ἐκρά-

185 439 250 492 τησε
268 423 434 493 Βαβυλῶνος
458 421 508 475 καί
532 420 584 492 τήν
608 419 846 492 προϋπάρχουσαν
869 420 945 493 αὐτῷ
960 417 1135 488 σατραπείαν

186 512 353 567 ἀνεσώσατο.

114 598 168 671 μέ.
186 602 231 664 Ὡς
243 598 397 670 Ἀντίγονος
411 599 569 662 ἀκινδύνως
581 599 753 669 παραλαβὼν
766 595 873 667 Κοίλην
887 596 997 666 Συρίαν
1011 597 1136 668 δύναμιν

186 687 340 759 ἐξέπεμψεν
358 689 399 750 εἰς
416 689 467 758 τήν
484 687 623 759 Ἀραβίαν.
1170 704 1182 745 ε

100 776 165 850 μξ.
186 779 258 847 Περί
276 786 332 833 τῶν
350 775 475 848 νομίμων
494 774 537 839 οἷς
554 786 655 848 χρᾶται
672 777 708 832 τά
726 775 799 845 έθνη
817 784 873 830 τῶν
891 775 1021 846 Ἀράβιον.
1090 769 1093 773 ’

115 865 169 938 μή.
186 868 258 936 Περὶ
275 872 325 937 τῆς
343 865 515 937 καλουμένης
532 864 737 935 Ἀσφαλτίτιδος
754 863 859 935 λίμνης.

115 954 173 1027 μθ’.
186 957 231 1019 Ὡς
257 953 411 1026 Ἀντίγονος
437 952 487 1011 τὸν
513 953 577 1011 υἱὸν
604 955 764 1025 Δημήτριον
792 951 962 1019 ἐξαπέστειλε
989 951 1058 1023 μετά
1085 957 1137 1022 τῆς

187 1045 331 1115 δυνάμεως
349 1045 390 1107 είς
407 1045 458 1114 τήν
477 1042 669 1116 Βαβυλωνίαν.

114 1132 149 1190 ν’.
186 1135 258 1203 Περί
275 1143 332 1189 τῶν
350 1131 536 1203 πραχθέντων
551 1130 698 1202 Ῥωμαίοις
715 1130 765 1186 καί
784 1129 946 1201 Σαμνίταις.
1157 1149 1183 1189 ιο

115 1221 168 1280 να’.
185 1225 230 1287 Ὡς
256 1224 426 1293 Ἀγαθοκλῆς
452 1220 630 1291 Μεσσηνίους
658 1220 926 1291 παρακρουσάμενος
952 1225 1002 1290 τῆς
1027 1217 1137 1284 πόλεως

187 1311 353 1381 ἐκυρίευσεν.

114 1398 166 1472 νβ’.
186 1402 231 1463 Ὡς
252 1402 318 1463 τοὺς
340 1397 575 1470 ἀντιταξαμένους
592 1397 761 1469 Μεσσηνίων
782 1400 830 1453 καλ
852 1405 1075 1469 Ταυρομενιτῶν,
1094 1399 1137 1454 ἔτι

169 1490 218 1546 ’δέ
236 1488 446 1559 Κεντοριπίνων
465 1487 634 1559 ἀπέσφαξεν.

115 1575 166 1650 νγ’.
185 1580 230 1642 Ὡς
247 1581 417 1650 Ἀγαθοκλῆς
430 1578 604 1648 Δεινοκράτη
623 1579 672 1633 καλ
685 1580 751 1641 τους
765 1578 896 1649 φυγάδας
909 1578 974 1646 περὶ
989 1575 1137 1646 Γαλαρίαν
1157 1593 1183 1635 ιο

187 1666 323 1737 ένίκησεν.

116 1754 168 1813 νδ’.
183 1755 322 1826 Ῥωξάνης
340 1758 389 1811 καὶ
406 1757 586 1825 Ἀλεξάνδρου
604 1766 653 1812 τοῦ
672 1754 805 1829 βασιλέως
822 1755 958 1818 θάνατος,

116 1843 164 1902 κε’.
188 1846 231 1901 Τά
248 1843 414 1916 πραχθέντα
428 1844 575 1915 Ῥωμαίοις
592 1846 665 1901 κατὰ
682 1847 734 1917 τήν
748 1844 878 1901 Ἰταλίαν.

116 1932 167 1990 νὲ.
186 1936 259 2003 Περὶ
276 1940 325 2004 τῆς
342 1933 493 2006 γενομένης
509 1944 569 1998 τοῖς
587 1934 795 2006 Καρχηδονίοις
812 1932 958 2004 ναυαγίας.

116 2021 164 2089 νζ.
186 2025 230 2086 Ὡς
257 2022 449 2095 Καρχηδόνιοι
477 2026 542 2094 περί
568 2022 618 2080 τὸν
645 2022 756 2095 Ἱμέραν
782 2020 952 2094 Ἀγαθοκλέα
979 2021 1138 2090 παρατάξει
1157 2039 1184 2078 εο

187 2113 351 2183 νικήσαντες
369 2111 547 2169 συνέκλεισαν
565 2113 674 2176 εἰςτὰς
692 2114 903 2181 Συρακούσσας.

186 2257 204 2312 8
223 2257 395 2313 ἀνενεώσατο
409 2258 436 2311 R
453 2256 657 2326 έπεκτήσατοΈ
677 2256 762 2326 (unde
785 2256 955 2326 ἀνεκτήσατο
974 2255 1079 2321 Wess.;
1099 2255 1136 2310 cf.
1227 2266 1228 2299 ί

115 2326 179 2381 XIX
199 2334 242 2397 91,
257 2331 292 2399 ὅ).
370 2328 388 2382 5
411 2325 559 2399 Ἀρραβίαν
581 2328 603 2381 F
631 2327 689 2382 fere
715 2343 831 2395 semper.
908 2325 927 2380 6
951 2334 1053 2396 χρᾶται
1075 2324 1137 2382 RX.

115 2399 151 2453 τά
173 2398 245 2468 έθνη
268 2399 304 2454 τὰ
325 2407 381 2453 τῶν
403 2401 436 2454 Ἀ.
456 2400 489 2452 R.
561 2398 580 2452 θ
600 2404 643 2453 Βα
680 2402 754 2452 λῶνα
772 2398 802 2453 F.
876 2398 912 2452 10
931 2395 1087 2459 Σαυνίταις
1104 2397 1137 2452 F.

116 2470 152 2525 14
169 2468 400 2538 Κεντοριππίνων
422 2469 486 2538 RX3
513 2471 544 2524 at
568 2469 603 2524 cf.
714 2475 774 2537 103,
789 2475 813 2524 3.
887 2469 922 2524 15
940 2465 1086 2536 Γαλαρίαν
1104 2469 1137 2538 F,

116 2542 166 2610 qui
184 2562 201 2595 κ
220 2557 306 2611 supra
324 2562 340 2612 γ
359 2541 448 2611 ponit.
520 2541 555 2596 21
575 2541 760 2609 Συρακούσας
778 2541 808 2595 Κ.
