2460 3848
427 200 580 268 01.118‚2:
601 207 652 256 307
667 217 693 255 ο.
704 199 766 255 chr.
1041 205 1104 269 241

87 353 278 434 Δημήτριος
300 347 510 427 κατασκάψας
536 347 598 430 τήν
621 347 825 431 Μουνυχίαν
852 346 1036 432 ὁλόκληρον
1060 359 1106 433 τῷ

87 457 178 543 δήμφ
208 456 271 541 τήν
300 454 498 540 ἐλευθερίαν
528 452 793 537 ἀποκατέστησεν
821 453 877 519 καί
907 456 1025 539 φιλίαν
1052 454 1107 519 καί

86 564 276 648 συμμαχίαν
306 563 390 648 πρὸς
424 561 546 638 αὐτοὺς
583 559 761 643 συνέθετο,
798 561 831 626 ολ
867 561 905 626 δὲ
934 562 1141 645 Ἀθηναίων

87 670 275 756 γράψαντος
297 671 453 753 ψήφισμα
475 667 724 754 Στρατοκλέους
747 666 955 752 ἐψηφίσαντο
982 676 1108 754 χρυσᾶς

56 777 147 859 ιμὲν
165 777 296 852 εἰκόνας
319 772 372 860 ἐφ’
391 775 535 861 άρματος
557 785 676 860 στήσαι
698 783 757 840 τοῦ
781 797 817 840 τε
838 777 1030 859 Ἀντιγόνου
1052 776 1107 841 καί

87 884 281 968 Δημητρίου
323 883 466 966 πλησίον
502 880 680 968 Ἁρμοδίου
724 882 780 947 καὶ
816 879 1108 968 Ἀριστογείτονος,

87 1000 298 1074 στεφανῶσαι
328 989 366 1054 δὲ
395 988 604 1074 ἀμφοτέρους
633 988 697 1054 ἀπὸ
726 989 899 1055 ταλάντων
928 991 1108 1055 διακοσίων

86 1096 142 1161 καί
181 1097 296 1179 βωμὸν
339 1095 581 1182 ἱδρυσαμένους
621 1104 889 1182 προσαγορεῦσαι
927 1100 1108 1181 Σωτήρων,

33 1204 175 1288 44οπρὸς
197 1202 236 1267 δὲ
257 1203 315 1279 τάς
338 1202 417 1268 δέκα
440 1204 549 1286 φυλάς
571 1209 773 1288 προσθεῖναι
792 1203 871 1287 δύο,
890 1203 1108 1289 Δημητριάδα

43 1331 69 1369 10
87 1309 143 1375 καὶ
169 1307 391 1393 Ἀντνγονίδα,
422 1310 478 1375 καὶ
510 1316 683 1375 συντελεῖν
714 1308 828 1386 αὐτοῖς
856 1306 927 1374 κατ’
952 1309 1109 1376 ἐνιαυτὸν

87 1416 219 1500 ἀγῶνας
240 1414 296 1480 καί
318 1418 454 1501 πομπήν
471 1417 526 1482 καί
549 1419 687 1500 θυσίαν,
711 1415 965 1501 ἐνυφαινόντων
987 1415 1108 1493 αὐτοὺς

87 1524 134 1600 είς
163 1524 223 1588 τὸν
252 1532 311 1606 τῆς
333 1519 479 1606 Ἀθηνᾶς
506 1523 633 1589 πέπλον
661 1521 746 1608 [κατ’
771 1522 948 1607 ἐνιαυτόν]
1000 1522 1018 1588 ὁ
1046 1522 1143 1605 μένε

87 1624 150 1695 οὖν
182 1630 286 1714 δήμος
318 1628 356 1695 έν
387 1641 432 1715 τῶ
462 1635 620 1717 Λαμιακῷ
653 1629 784 1717 πολέμφ
815 1630 1017 1707 καταλυθείς
1046 1627 1104 1694 ὑπ’

85 1736 302 1822 Ἀντιπάτρου
331 1736 400 1819 μετ’
424 1734 479 1821 ἔτη
509 1738 743 1802 πεντεκαίδεκα
774 1735 968 1823 παραδόξως
1000 1736 1108 1819 ἐκομί-

43 1863 69 1904 ιι
88 1859 167 1910 σατο
195 1845 257 1928 τήν
284 1843 425 1929 πάτριον
451 1845 634 1909 πολιτείαν·
663 1843 680 1909 ὁ
709 1844 747 1910 δὲ
769 1848 974 1930 Δημήτριος,
1002 1868 1108 1930 φρου-

88 1949 252 2035 ρουμένης
275 1959 332 2034 τής
352 1950 539 2037 Μεγαρέων
557 1953 698 2034 πόλεως,
721 1950 981 2037 ἐκπολιορκήσας
1003 1951 1109 2035 αὐτήν

87 2057 258 2122 ἀπέδωκεν
280 2057 342 2140 τήν
365 2058 569 2140 αὐτονομίαν
591 2069 636 2143 τῷ
661 2058 752 2145 δήμφ
775 2058 831 2123 καί
853 2069 958 2140 τιμῶν
981 2055 1108 2135 ἀξιολό-

87 2189 158 2248 γων
187 2160 303 2249 ἔτυχεν
332 2164 399 2230 ὑπὸ
429 2175 495 2230 τῶν
527 2160 565 2230 εὖ
597 2166 788 2231 παθόντων.
837 2162 1029 2248 Ἀντίγονος
1060 2163 1143 2247 δέ,4

88 2269 367 2357 παραγενομένων
403 2273 486 2356 πρὸς
527 2271 631 2337 αὐτὸν
663 2268 856 2357 Ἀθήνηθεν
894 2274 1109 2356 πρεσβευτῶν

43 2397 70 2437 ιο
87 2378 143 2443 καί
172 2379 209 2443 τό
240 2401 275 2443 τε
304 2378 380 2464 περὶ
411 2389 480 2443 τῶν
507 2389 613 2461 τιμῶν
642 2378 837 2444 ἀναδόντων
866 2382 1022 2463 ψήφισμα
1053 2378 1109 2443 καὶ

88 2484 165 2570 περὶ
197 2486 292 2550 σίτου
324 2486 380 2550 καί
412 2483 521 2563 ξύλων
553 2485 600 2561 είς
631 2488 822 2570 ναυπηγίαν
852 2483 1108 2570 διαλεχθέντων,

88 2588 212 2657 έδωκεν
235 2591 349 2669 αὐτοῖς
373 2601 483 2678 πυροῦ
510 2591 572 2674 μὲν
594 2593 763 2675 μεδίμνων
786 2593 1021 2658 πεντεκαίδεκα
1048 2617 1109 2675 μυ-

90 2698 215 2784 ριάδας,
238 2697 324 2782 ὕλην
343 2699 381 2764 δὲ
403 2700 464 2783 τήν
485 2699 602 2782 ἱκανήν
620 2698 742 2764 ναυσίν
765 2696 896 2764 ἑκατόν·
920 2697 954 2776 ἐξ
968 2697 1108 2785 Ἴμβρου

89 2805 127 2870 δὲ
149 2808 210 2889 τήν
234 2806 389 2890 φρουρὰν
407 2803 577 2890 ἐξαγαγὼν
597 2803 766 2871 ἀπέδωκεν
785 2804 898 2883 αὐτοῖς
920 2808 982 2891 τήν
1000 2807 1108 2871 πόλιν.

43 2935 71 2976 τε
88 2914 172 2996 πρὸς
195 2911 232 2977 δὲ
254 2913 314 2977 τὸν
332 2913 410 2977 υἱὸν
428 2914 623 2998 Δημήτριον
643 2909 766 2998 ἔγραψε
789 2913 934 2978 κελεύων
957 2922 1025 2978 τῶν
1047 2912 1143 2994 μένε

89 3020 305 3104 συμμαχίδων
323 3020 453 3084 πόλεων
472 3018 656 3103 συνέδρους
674 3023 905 3104 συστήσασθαι
927 3022 1006 3096 τοὺς
1029 3021 1109 3101 βου-

89 3125 311 3209 λευσομένους
333 3135 430 3212 κοινή
453 3125 529 3211 περὶ
551 3137 620 3191 τῶν
639 3135 679 3211 τῇ
699 3123 833 3192 Ἑλλάδι
856 3127 1108 3211 συμφερόντων,

161 3284 195 3338 ll
219 3280 430 3352 ἐνυφαινόντων
454 3282 522 3336 libri
545 3283 591 3352 (of.
614 3282 836 3339 Kr'ihner·Gerth
856 3283 915 3336 112
935 3285 1054 3352 p.110);
1078 3286 1109 3338 at

88 3357 217 3424 praestat
240 3354 305 3410 fort.
331 3372 395 3410 cum
420 3353 503 3408 Dind.
530 3353 651 3409 seribere
674 3353 837 3423 ἐνυφαίνειν
859 3375 896 3408 τε.
969 3354 1005 3409 12
1031 3352 1105 3426 [κατ’

90 3423 219 3482 ἐνιαυτὸν
259 3443 293 3481 ex
316 3445 341 3482 v.
358 3432 391 3481 10
416 3441 563 3495 perperam
588 3430 676 3494 repet.
703 3426 757 3481 del.
775 3425 869 3481 Wesr.
937 3425 986 3476 Ἄ
999 3425 1131 3487 mm.

90 3498 125 3552 ef.
148 3496 174 3550 X
258 3503 300 3552 18.
376 3497 413 3552 20
438 3495 636 3555 ἀναδιδόντων
656 3498 694 3555 δέ.
769 3496 813 3551 ‘R
835 3486 1156 3548 ffiRanssmss-Q·

84 3569 122 3622 25
138 3567 244 3637 ἔγραφε
260 3569 292 3625 F.
366 3571 404 3627 26
424 3571 593 3644 στήσασθαι
607 3571 676 3630 ml..

126 3675 252 3718 modom.
269 3679 295 3720 v.
984 3661 1028 3706 δέ’
