2460 3848
446 196 599 263 01.115,4:
619 200 670 250 ιιι
686 193 785 250 μου.
1083 197 1123 262 11

102 341 308 427 Ἀγαθοκλῆς
339 341 519 428 ἀλλοτρίως
548 337 634 426 ἔχων
662 341 702 405 τά
732 341 815 426 πρὸς
846 338 968 416 αὐτοὺς
997 340 1034 404 τὸ
1064 339 1126 422 μὲν

105 461 240 535 πρῶτον
262 449 439 532 κατέμενεν
461 447 499 514 ἐν
519 445 641 534 Ἰταλίη
663 448 743 528 μετά
767 457 836 512 τῶν
863 447 1125 530 κοινοπραγούν-

105 580 173 622 των
190 556 246 622 καί
263 556 575 640 καταλαμβάνεσθαι
597 555 659 638 τήν
677 565 745 620 τῶν
763 557 1008 641 Κροτωνιατῶν
1026 554 1126 618 πόλιν

105 662 314 750 ἐπιχειρήσας
341 661 472 740 ἐξέπεσε
498 662 554 727 καλ
580 659 649 744 μετ’
671 660 795 745 όλίγων
823 662 870 739 είς
897 660 1049 748 Τάραντα
1076 661 1126 724 δτ-

75 771 226 855 ιεσώθη.
268 770 404 855 ταχθείς
426 769 464 834 δὲ
486 769 576 855 παρά
598 778 668 845 τοῖς
695 770 912 852 Ταραντίνοις
935 766 972 833 έν
995 776 1035 854 τή
1058 777 1126 832 τῶν

104 880 327 962 μισθοφόρων
354 875 442 954 τάξει
468 875 524 941 καί
551 880 689 952 πολλαῖς
716 875 771 940 καί
796 875 999 961 παραβόλοις
1021 873 1126 959 ἐγχει-

106 995 175 1070 ρῶν
201 982 360 1070 πράξεσιν
388 984 435 1060 είς
461 982 610 1062 ὑποψίαν
632 978 718 1066 ήλθε
744 991 962 1064 καινοτομεῖν.
1009 982 1159 1066 διόπερτ

105 1090 289 1168 ἀπολυθείς
314 1089 370 1155 καλ
397 1089 518 1174 ταύτης
545 1099 602 1174 τῆς
624 1090 796 1174 στρατείας
818 1091 1025 1173 συνήθροισε
1047 1089 1126 1164 τοὺς

104 1200 187 1263 κατά
204 1199 266 1282 τήν
281 1194 424 1263 Ἰταλίαν
443 1196 596 1281 φυγάδας
613 1196 670 1261 καί
688 1193 850 1280 Ῥηγίνοις
866 1195 1126 1278 πολεμουμένοις

60 1328 87 1367 ιο
104 1304 170 1370 ὑπὸ
189 1315 257 1370 τῶν
275 1304 351 1390 περί
369 1304 429 1368 τὸν
448 1301 670 1389 Ἡρακλείδην
687 1302 743 1368 καί
760 1303 964 1386 Σώστρατον
982 1301 1126 1387 ἐβοήθη-

104 1427 172 1475 σεν.
222 1407 334 1475 ἔπειτα
362 1419 420 1494 τῆς
449 1408 487 1476 ἐν
516 1410 772 1496 Συρακούσσαις
802 1411 999 1487 δυναστείας
1028 1426 1160 1474 κατα-3

105 1517 265 1601 λυθείσης
300 1516 356 1581 καί
394 1527 461 1583 τῶν
497 1517 574 1603 περλ
609 1519 670 1582 τὸν
706 1517 909 1603 Σώστρατον
945 1517 1125 1599 φυγόντων

103 1627 272 1705 κατῆλθεν
304 1624 351 1700 είς
382 1625 444 1708 τήν
474 1625 626 1710 πατρίδα.
681 1625 955 1690 συνεκπεσόντων
987 1622 1024 1687 δὲ
1055 1631 1126 1698 τοῖς

103 1729 284 1806 δυνάσταις
313 1735 448 1795 πολλῶν
477 1729 623 1808 ἐνδόξων
652 1729 798 1818 ἀνδρῶν,
827 1732 873 1809 ώς
902 1729 944 1796 όν
973 1739 1031 1814 τής
1058 1729 1126 1795 ὀλι-

60 1860 86 1900 ιε
104 1838 242 1922 γαρχίας
269 1839 560 1921 κενοινωνηκότων
586 1848 644 1922 τῆς
671 1849 739 1904 τῶν
764 1837 944 1916 ἑξακοσίων
965 1847 1034 1902 τῶν
1056 1835 1126 1902 έπι-

105 1942 332 2028 φανεστάτων,
364 1942 478 2029 ἐνέστη
509 1945 651 2026 πόλεμος
679 1954 749 2022 τοῖς
779 1945 906 2030 φυγάσι
935 1945 1018 2031 πρὸς
1047 1946 1125 2020 τοὺς

105 2049 345 2133 ἀντεχομένους
366 2060 424 2133 τής
447 2051 674 2138 δημοκρατίας.
712 2052 975 2137 συμμαχούντων
998 2051 1035 2116 δὲ
1058 2061 1126 2116 τῶν

105 2156 348 2242 Καρχηδονίων
374 2168 444 2235 τοῖς
471 2158 548 2245 περί
575 2159 635 2223 τὸν
657 2158 860 2245 Σώστρατον
887 2157 1036 2243 φυγάσιν
1059 2156 1075 2223 ί
1098 2160 1126 2222 ί-

104 2285 206 2328 νοντο
228 2264 383 2329 κίνδυνοι
411 2275 561 2350 συνεχεῖς
587 2265 642 2330 καί
665 2263 860 2352 παρατάξεις
888 2264 1000 2351 ἁδρῶν
1024 2264 1126 2329 δυνά-

59 2393 87 2434 ιο
105 2392 204 2453 μεων,
232 2367 269 2436 έν
292 2363 344 2448 αἷς
363 2367 582 2457 Ἀγαθοκλῆς,
609 2373 689 2438 ποτὲ
716 2372 777 2454 μὲν
806 2372 938 2456 ἰδιώτης
960 2373 1018 2456 ών,
1046 2371 1125 2436 ποτὲ

105 2476 144 2542 δὲ
179 2475 233 2562 ἐφ’
263 2478 440 2562 ἡγεμονίας
476 2479 687 2564 τεταγμένος,
727 2479 909 2564 ὑπελήφθη
950 2479 1126 2563 δραστικὸς

106 2576 192 2648 εἶναι
209 2584 265 2649 καί
288 2587 482 2671 φιλότεχνος
505 2585 542 2652 ἐκ
564 2597 624 2652 τοῦ
648 2588 732 2674 πρὸς
754 2586 981 2652 ἕκαστοντῶν
999 2595 1125 2672 καιρῶν

105 2688 317 2756 ἐπινοεῖσθαί
337 2703 459 2758 τιτῶν
481 2696 664 2780 χρησίμων·
688 2689 736 2758 ὧν
759 2694 797 2759 ἓν
820 2690 938 2779 ἔπραξε
960 2693 1016 2758 καί
1038 2692 1125 2775 μάλα

104 2801 234 2881 μνήμης
260 2798 362 2877 άξιον.
408 2801 740 2886 στρατοπεδευόντων
767 2801 830 2888 γάρ
859 2821 938 2866 ποτε
965 2810 1033 2864 τῶν
1055 2804 1160 2864 Συ-4

59 2925 87 2966 ιτ
106 2908 272 2990 ρακοσίων
299 2909 442 2991 πλησίον
469 2916 527 2991 τής
550 2907 654 2985 Γέλας
681 2907 781 2984 αὐτὸς
807 2907 868 2989 μὲν
895 2907 1016 2982 νυκτὸς
1042 2927 1125 2992 παρ

105 3011 275 3079 εισέπεσεν
302 3015 350 3091 είς
376 3015 437 3098 τήν
464 3016 564 3079 πόλιν
590 3015 672 3097 μετά
698 3016 815 3099 χιλίων
842 3023 1062 3099 στρατιωτῶν,
1091 3015 1125 3078 ολ

177 3152 193 3206 1
219 3151 254 3207 τά
280 3150 351 3220 πρδς
378 3152 520 3208 ἐπάνοδον
547 3150 618 3222 πρὸς
645 3155 748 3217 αύτούς
769 3153 800 3207 1.
876 3151 895 3206 2
919 3149 1068 3222 κατέμενεν
1094 3152 1124 3207 ἐν

102 3220 217 3298 Ἰταλίᾳ]
242 3224 277 3278 cf.
299 3224 383 3279 Holm
402 3225 433 3279 G.
449 3225 476 3279 S.
494 3225 520 3278 H
539 3243 566 3294 p.
581 3231 642 3280 474.
714 3224 806 3279 δτῶν
827 3240 880 3277 om.
899 3223 929 3278 F.
1003 3225 1125 3278 ὅκατα-

105 3295 221 3363 ταχθείς
247 3295 277 3349 Ρ.
360 3296 396 3350 10
423 3294 619 3365 Σωσίστρατον
648 3297 736 3352 etiam
761 3295 795 3350 X.
877 3294 913 3349 12
938 3291 988 3350 τὸν
1017 3312 1070 3349 om.
1093 3295 1123 3350 F.

105 3365 142 3419 18
164 3374 223 3428 τοῖς
245 3365 423 3430 δυναστείαις
439 3368 470 3422 F.
548 3368 584 3422 15
607 3373 656 3437 τῆς
680 3377 736 3422 τῶν
762 3384 814 3421 om.
839 3365 897 3422 ΒΧ.
971 3366 1006 3420 19
1030 3365 1141 3446 διδωῶνἱ

107 3435 265 3509 δυνάμεων]
289 3439 402 3507 ἀνδρῶν
420 3439 469 3493 καί
488 3439 635 3512 δυνάμεων
656 3439 758 3509 οοόόσ,
779 3455 855 3494 mn.
867 3437 968 3490 Χδὶοδ.
1035 3433 1084 3482 Ἃ
1091 3430 1140 3510 ξε)

106 3506 254 3576 ἡγεμονίας
277 3509 308 3576 F,
342 3530 389 3574 αις
415 3528 502 3584 super
531 3535 566 3580 ας
594 3514 705 3586 posim.
777 3511 822 3567 22
850 3509 886 3564 λυ.
913 3504 990 3572 τοὶλ
1010 3501 1045 3551 ἒν
1075 3513 1120 3560 W?
1133 3490 1181 3534 Υ

95 3575 135 3628 26
149 3574 247 3650 πόλιν]
262 3584 447 3657 παρεμβολήν
468 3587 498 3646 Ιί,
