2460 3848
17 3770 26 3811 λ

117 196 181 262 196
482 191 768 248 Diodor.xx1a.17.

114 362 210 423 μενοι
244 338 301 404 καί
337 341 571 416 παιανίσαντες
604 339 687 404 κατὰ
718 339 778 403 τὸν
810 343 918 403 πλοῦν
939 334 1005 421 ἀμ’
1032 337 1137 426 ημέρφ

79 464 95 512 ο
114 445 295 512 κατέπλεον
318 444 372 511 ἐπί
394 447 457 530 τὴν
479 447 588 511 πόλιν.
634 446 668 511 αλ
691 445 729 510 δὲ
752 445 933 530 φυλακίδες
955 455 1024 511 τῶν
1046 449 1138 531 Καρ-

114 554 282 638 χηδονίων
306 554 505 636 αἰσθόμεναι
527 553 609 618 κατά
633 552 786 636 σπουδὴν
808 549 990 617 ἐπεδίωκον
1012 552 1068 617 καλ
1095 552 1137 618 οὐ

114 663 201 726 πολὺ
230 661 484 745 προειληφότων
505 669 574 724 τῶν
595 657 862 744 ὑποφευγόντων
889 657 980 741 ἀγὼν
1008 668 1065 743 τῆς
1092 661 1138 725 εί-

116 767 227 852 ρεσίας
255 763 392 850 ἐγίνετο.
438 767 504 849 ἀμα
532 765 570 830 δὲ
596 774 636 851 τῇ
664 765 793 831 τούτων
816 767 988 853 φιλοτιμίᾳ
1011 765 1137 851 συνέβη
1171 787 1184 828 ι

114 873 193 950 τοός
215 895 251 937 τε
274 871 310 938 ἐκ
332 882 391 957 τῆς
413 875 540 951 πόλεως
561 872 617 938 καί
639 874 718 950 τοὺς
738 877 1000 957 πολιορκοῦντας
1020 873 1138 939 αλσθο-

114 977 236 1061 μένους
268 979 474 1066 συνδραμεῖν
506 978 560 1045 ἐπλ
596 980 657 1045 τὸν
689 978 805 1063 λιμένα
840 980 896 1045 καλ
931 989 1001 1058 τοίς
1039 981 1138 1059 ίδίοις

78 1083 290 1172 δέκατέρους
317 1095 595 1171 συναγωνιῶντας
625 1085 775 1170 ἀναβοᾶν
801 1093 953 1173 θαρρείν.
1003 1087 1067 1171 ἥδη
1100 1087 1139 1154 δὲ

113 1201 172 1277 τῆς
198 1195 437 1278 τριακοντόρου
464 1193 799 1279 καταλαμβανομένης
826 1195 858 1259 ολ
885 1193 1050 1280 βάρβαροι
1075 1193 1138 1277 μὲν
1215 1200 1217 1204 ’

114 1297 332 1390 ἐπηλάλαξαν,
362 1301 395 1366 ολ
425 1300 457 1365 δ’
481 1298 517 1366 ἐκ
546 1311 605 1386 τῆς
634 1303 761 1378 πόλεως
787 1300 1033 1378 ἀδυνατοῦντες
1058 1303 1138 1384 βοη-
1157 1322 1185 1362 ιο

113 1414 193 1473 θεῖν
210 1417 281 1485 τοίς
302 1414 398 1485 θεοῖς
421 1408 563 1493 ηὔχοντο
587 1407 664 1492 περί
686 1416 744 1491 τῆς
767 1408 931 1492 σωτηρίας
951 1416 1020 1472 τῶν
1040 1429 1138 1472 κατα-

114 1516 293 1580 πλεόντων.
329 1524 388 1599 τῆς
410 1512 547 1602 πρῴρας
569 1513 608 1580 δὲ
629 1525 697 1579 τῶν
715 1514 907 1580 διωκόντων
925 1514 973 1591 είς
991 1511 1138 1598 ἐμβολὴν

113 1622 177 1705 ἤδη
198 1620 383 1707 φερομένης
402 1620 464 1686 οὐκ
487 1622 626 1687 ἀπωθεν
643 1630 701 1705 τῆς
723 1631 784 1706 γῆς
806 1617 937 1706 ἔφθασε
959 1621 997 1686 τὸ
1021 1621 1138 1687 διωκό-

113 1751 217 1811 μενον
247 1727 374 1813 σκάφος
403 1725 498 1805 ἐντὸς
527 1727 648 1811 βέλους
676 1729 859 1811 γενόμενον
887 1728 943 1793 καί
972 1738 1041 1793 τῶν
1067 1733 1138 1793 Συ·

115 1828 281 1920 ρακοσίων
317 1835 650 1921 προσβοηθησάντων
690 1832 829 1918 ἐξέφυγε
869 1835 930 1900 τὸν
965 1834 1138 1900 κίνδυνον.
1156 1855 1184 1896 ιι

79 1940 263 2024 ιἈμίλκοις
286 1938 317 2006 δ’
333 1941 423 2027 δρῶν
440 1944 519 2021 τοὺς
542 1940 579 2008 ἐκ
601 1952 660 2027 τῆς
681 1943 808 2018 πόλεως
831 1941 886 2006 διά
909 1942 971 2026 την
989 1939 1138 2024 ἀγωνίαν

114 2048 169 2114 καλ
200 2048 238 2114 τδ
271 2047 462 2135 παράδοξον
492 2058 551 2133 τῆς
581 2046 860 2134 προσδοκωμένης
891 2046 1046 2132 ἀγγελίας
1082 2046 1138 2114 ἐπὶ

113 2156 173 2221 τὸν
203 2154 320 2238 λιμένα
352 2155 678 2241 συνδεδραμηκότας,
709 2153 890 2237 ἀπολαβὼν
920 2148 1007 2220 εἷναι
1038 2153 1138 2240 μέρος

113 2285 146 2327 τι
177 2270 237 2327 τοῦ
269 2264 400 2348 τείχους
430 2260 635 2346 ἀφύλακτον,
672 2258 795 2345 ἔπεμψε
826 2272 895 2326 τῶν
927 2272 1138 2347 στρατιωτῶν

113 2371 193 2446 τοὺς
223 2371 420 2454 κρατίστους
451 2368 532 2452 μετὰ
567 2368 745 2450 κλιμάκων.
799 2363 892 2433 οὗτοι
924 2365 955 2432 δ’
982 2368 1138 2454 εὑρόντες
1156 2389 1184 2430 εο

114 2474 362 2559 ἐκλελειμμένας
380 2476 438 2552 τάς
459 2477 610 2559 φυλακάς
633 2471 759 2541 ἔλαθον
777 2474 1061 2561 προσαναβάντες·
1081 2475 1138 2541 καί

114 2581 235 2666 σχεδὸν
258 2582 370 2648 αὐτῶν
392 2581 620 2667 μεσοπύργιον
642 2582 706 2667 ἤδη
733 2584 982 2667 κατειληφότων
1006 2581 1027 2665 η
1054 2583 1138 2649 κατά

78 2689 151 2755 ετὸ
186 2688 334 2774 σύνηθες
365 2687 487 2774 ἐφοδία
521 2688 773 2775 παραγενομένη
804 2690 992 2773 κατενόησε.
1042 2711 1138 2773 γενο-

113 2795 214 2883 μένης
237 2796 275 2861 δὲ
296 2794 401 2881 μάχης
423 2796 457 2861 ολ
479 2795 541 2879 μὲν
563 2794 600 2862 ἐκ
622 2805 681 2880 τῆς
702 2797 829 2874 πόλεως
848 2795 1059 2882 συνέδραμον
1076 2795 1194 2864 καδ418

115 2903 308 2989 φθάσαντες
328 2905 408 2980 τοὺς
429 2901 610 2987 μέλλοντας
632 2912 703 2981 τοῖς
725 2902 948 2987 ἀναβεβηκόσι
970 2906 1138 2988 προσβοη-
1158 2925 1185 2967 ει

185 3134 201 3188 1
221 3132 294 3187 κατὰ
311 3128 361 3188 τδν
379 3132 479 3205 πλοῶν]
499 3132 572 3187 κατὰ
589 3129 621 3188 τδ
639 3135 739 3188 πλοῖον
759 3133 854 3201 οοδδ.;
878 3149 947 3188 corr.
966 3132 1056 3187 Hertl.
1074 3131 1101 3186 11
1121 3139 1136 3186 2

113 3223 141 3275 p.
157 3209 199 3260 18.
273 3202 417 3275 όέγίνετο
435 3204 466 3258 F.
520 3205 638 3276 τοότων]
661 3213 717 3260 τῶν
740 3204 841 3274 ἐρετῶν
859 3205 889 3258 F.
964 3208 997 3259 10
1018 3203 1139 3274 ἐπηλλά·

113 3277 200 3342 λαξαν
220 3276 251 3330 F.
307 3277 529 3338 ἀδυναντοῶντες
546 3275 579 3330 X.
653 3276 746 3332 1213
769 3276 809 3338 είς
832 3275 950 3347 έμβολ“ν
974 3274 1010 3346 ἥδ
1051 3294 1138 3344 φερο-

113 3345 209 3420 μένης]
223 3355 272 3417 τῆς
286 3346 402 3419 ἐμβολῆς
415 3345 470 3418 ἤδη
483 3344 634 3417 γενομένης
647 3347 677 3402 F.
732 3347 768 3402 13
786 3346 886 3402 ἀπωθε
900 3297 951 3401 Rq&
968 3345 1013 3416 (cf.
1061 3346 1138 3401 iner-

104 3419 201 3472 βοέων,
217 3436 249 3487 p.
267 3422 313 3489 62)
332 3417 445 3474 ἀποθεν
458 3418 489 3472 F.
544 3418 578 3473 17
597 3414 653 3474 δπδ
671 3415 721 3474 τὸν
740 3415 837 3487 λιμένα
850 3419 880 3472 F.
935 3418 971 3473 20
988 3419 1054 3481 τοὺς
1067 3438 1138 3485 κρα-

91 3484 209 3551 τίστους
226 3499 287 3546 τῶν
305 3499 488 3562 στρατιωτῶν
504 3489 535 3546 F.
590 3487 892 3561 21λελειμμέναςΚΧ.
945 3489 981 3543 22
999 3489 1017 3559 η
1036 3505 1090 3544 om.
1105 3489 1137 3546 F.

75 3553 120 3608 ff
135 3557 253 3628 ἐφοδία
268 3562 358 3635 ἀίδιός
378 3566 413 3622 in
432 3583 528 3638 marg.
549 3564 614 3621 cod.
631 3564 662 3619 R
680 3563 775 3618 μόνον.
791 3568 820 3616 2.
831 3577 872 3614 m.
889 3557 1014 3627 ἐφορελα.
