2460 3848
110 202 175 267 232
477 199 762 256 Diodor.xx41.42.

110 345 147 410 δέ
174 345 229 410 καλ
256 355 324 410 τῶν
351 342 411 423 ἔξω
438 343 559 423 τύξεως
586 345 774 430 λεγομένων
797 345 859 411 οὐκ
886 345 1042 423 ἐλάττους
1068 371 1130 429 μν-

110 454 205 536 ρίων*
233 452 352 518 πολλοὶ
380 453 417 518 δέ
444 452 572 518 τούτων
595 452 694 518 τέκνα
721 453 777 518 καὶ
803 462 964 536 γυναῖκας
990 454 1046 518 καλ
1067 455 1131 538 την

109 560 214 642 ἀλλην
244 561 458 644 παρασκευὴν
485 556 581 644 ἦγον,
610 559 694 624 ὥστε
724 558 849 645 ἐμφερῆ
880 561 942 643 την
972 561 1131 646 στρατιὰν

73 665 271 751 κύπάρχειν
295 662 438 753 ἀποικία.
485 665 706 732 ὀκτωκαίδεκα
728 667 789 750 μὲν
811 661 873 733 οὐν
895 666 1018 753 ἡμέρας
1041 666 1131 732 ὁδοι-

109 777 315 858 πορήσαντες
340 773 395 838 καλ
424 774 616 850 διελθόντες
644 775 801 850 σταδίους
827 776 1030 859 τρισχιλίους
1054 796 1131 838 κατ·
1163 794 1175 835 ι

109 883 302 964 εσκηνωσαν
325 880 401 964 περὶ
423 881 616 963 Αὐτόμαλα·
645 879 805 946 ἐντεῦθεν
828 881 866 946 δέ
892 879 1131 966 πορευομένοις

108 987 258 1073 ὑπῆρχεν
285 988 363 1073 όρος
390 985 424 1064 ἐξ
454 986 652 1073 ἀμφοτέρων
674 998 742 1052 τῶν
768 998 879 1072 μερῶν
903 984 1131 1072 ἀπόκρημνον,

109 1093 147 1160 ἐν
178 1094 266 1182 μέσφ
300 1090 330 1158 δ’
358 1090 436 1178 έχον
468 1094 624 1179 φάραγγα
655 1097 811 1177 βαθεῖαν,
846 1093 879 1171 ἐξ
911 1090 951 1178 ης
983 1093 1131 1159 ἀνέτεινε

73 1203 206 1286 3λισσὴ
233 1201 337 1287 πέτρα
363 1202 447 1287 πρὸς
474 1199 582 1287 ὀρθὸν
605 1203 827 1266 ἀνατείνουσα
849 1202 1026 1266 σκόπελον·
1053 1200 1131 1286 περὶ

109 1309 147 1374 δὲ
173 1311 235 1394 τὴν
263 1309 356 1395 ῥίζαν
380 1307 481 1392 αὐτῆς
508 1309 632 1393 ἀντρον
658 1303 702 1391 ἦν
729 1307 922 1391 εὐμέγεθες,
949 1317 1047 1395 κιττῶ
1074 1308 1177 1372 καίεο

109 1419 243 1500 σμίλακι
270 1414 472 1502 συνηρεφές,
499 1413 537 1480 ἐν
565 1406 593 1502 ιβ
619 1414 808 1496 μυθεύουσι
835 1413 1009 1498 γεγονέναι
1035 1415 1131 1496 βασί-

108 1530 229 1590 λισσαν
255 1522 388 1605 Λύμιαν
418 1533 464 1607 τῷ
497 1521 610 1586 κύλλει
642 1521 881 1607 διαφέρουσαν·
917 1522 972 1586 διδι
1002 1521 1040 1586 δὲ
1067 1522 1131 1605 την

108 1640 167 1715 τῆς
195 1639 303 1715 ψυχῆς
335 1628 512 1714 ἀγριότητα
544 1629 816 1693 διατετυπῶσθαί
845 1643 928 1712 φασι
958 1628 1021 1711 την
1050 1629 1131 1707 ὄψιν

109 1738 211 1821 αὐτῆς
246 1738 307 1802 τὸν
338 1737 419 1819 μετδι
454 1745 558 1800 ταῦτα
594 1737 718 1821 χρόνον
749 1735 911 1820 θηριώδη.
964 1746 1033 1800 τῶν
1065 1736 1131 1821 γδιρ

109 1844 296 1929 γινομένων
324 1843 407 1929 αὐτῇ
435 1843 566 1907 παίδων
589 1841 746 1926 ἀπάντων
772 1842 1004 1907 τελευτώντων
1026 1845 1132 1927 βαρυ-
1150 1863 1176 1907 ιε

108 1959 288 2035 θνμούσαν
311 1950 366 2017 ἐπλ
392 1960 438 2038 τῷ
461 1949 564 2014 πάθει
586 1949 642 2014 καλ
665 1956 867 2033 φθονοῦσαν
889 1959 961 2025 ταῖς
982 1959 1051 2013 τῶν
1074 1950 1131 2015 ἀλ-

109 2064 178 2125 λων
209 2068 379 2143 γυναικῶν
411 2056 594 2133 εὐτεκνίαις
624 2055 774 2121 κελεύειν
805 2053 842 2120 ἐκ
875 2065 943 2119 τῶν
975 2053 1131 2139 ἀγκαλῶν

109 2165 350 2252 ἐξαρπάζεσθαι
377 2165 419 2229 τά
447 2163 557 2249 βρέφη
587 2162 642 2227 καὶ
674 2173 871 2248 παραχρῆμα
903 2162 1130 2228 ἀποκτέννειν.

72 2273 162 2339 4διὸ
195 2273 250 2338 καλ
281 2270 359 2337 καθ’
385 2272 470 2355 ημᾶς
501 2268 596 2354 μέχρι
631 2278 692 2333 τοῦ
723 2277 789 2334 νῦν
820 2271 898 2351 βίου
934 2270 1024 2355 παρδι
1059 2278 1132 2348 τοῖς

108 2381 241 2462 νηπίοις
259 2376 428 2460 διαμένειν
445 2376 507 2459 τὴν
525 2375 602 2461 περὶ
620 2384 678 2459 τῆς
695 2377 854 2459 γυναικὸς
871 2376 992 2460 ταύτης
1015 2379 1132 2461 φήμην
1150 2401 1177 2440 ω

108 2486 163 2552 καλ
182 2483 419 2570 φοβερωτάτην
438 2483 552 2559 αὐτοῖς
570 2475 656 2548 εἶναι
674 2484 735 2566 την
752 2483 874 2566 ταύτης
892 2486 1130 2568 προσηγορίαν.

72 2611 89 2660 ι
109 2593 163 2658 ὅτε
192 2592 230 2657 δὲ
256 2590 474 2673 μεθύσκοιτο,
503 2591 565 2673 την
588 2590 703 2655 ἀδειαν
727 2589 859 2654 διδόναι
881 2597 983 2654 πᾶσιν
1006 2589 1027 2654 δ
1050 2591 1133 2672 βού-

109 2705 221 2766 λοιντο
250 2707 361 2763 ποιείν
391 2697 657 2783 ἀπαρατηρήτως.
709 2697 753 2780 μὴ
785 2697 1133 2783 πολυπραγμονούσης

179 2929 196 2983 1
221 2935 277 2982 τῶν
302 2924 408 2996 μυρίων
433 2926 463 2982 F.
535 2925 554 2979 6
576 2922 738 2997 Αὐτόμαλα]
764 2922 927 2994 Αὐτομύλας
953 2924 1033 2991 libri;
1059 2941 1131 2981 corr.

107 3001 212 3064 δίετες
238 2999 302 3052 aliis
328 3001 371 3052 est
393 2996 581 3066 Αὐτομόλακα
607 2999 657 3050 aut
679 2995 857 3066 Αὐτομάλαξς
886 2998 921 3051 cf.
947 2996 1067 3050 Mueller
1092 2996 1132 3050 ad

107 3072 179 3126 Ptol.
203 3071 242 3125 IV
263 3077 288 3135 4,
308 3075 337 3136 λς
365 3069 482 3124 Meltzer
506 3069 519 3122 I
543 3087 571 3138 p.
591 3073 652 3124 527.
724 3068 742 3124 8
765 3067 837 3138 ἔχων
855 3068 885 3123 F.
958 3068 976 3122 9
999 3068 1079 3138 δισσὴ
1098 3068 1131 3136 F,

107 3143 168 3214 λιτὴ
193 3157 330 3212 suprascr.
351 3147 375 3195 2.
389 3158 426 3196 m.
500 3139 535 3194 12
560 3141 590 3193 in
615 3156 703 3210 marg.
724 3140 784 3194 cod.
803 3141 829 3194 R
850 3139 939 3194 οδεοτ.
960 3145 984 3193 3.
999 3157 1049 3195 m.:
1076 3136 1132 3207 δρα

107 3215 239 3284 περὶτῆς
257 3212 288 3267 έν
305 3213 452 3283 παραβολῇ
470 3209 619 3282 λεγομένης
632 3209 754 3280 Λαμίας;
772 3212 803 3265 in
822 3228 911 3281 marg.
931 3210 991 3265 cod.
1011 3211 1033 3264 F
1052 3215 1077 3264 3.
1091 3228 1130 3265 m.

107 3286 172 3354 περὶ
189 3294 239 3356 της
256 3281 502 3354 μυθολογουμένης
515 3280 626 3352 Λαμίας
644 3282 674 3337 έν
692 3288 725 3355 τῇ
744 3283 841 3355 Λιβύη.
901 3281 937 3336 13
955 3283 1132 3337 διατυπῶσαι

108 3357 203 3424 οοδδ.;
229 3373 297 3410 corr.
323 3354 416 3409 Madv.
440 3354 452 3407 I
477 3372 504 3422 p.
524 3360 577 3408 514
603 3354 649 3423 (cf.
672 3354 711 3407 IV
732 3359 773 3418 11,
790 3357 826 3424 ὁ).
899 3353 935 3408 15
957 3351 1080 3408 παιδίων
1098 3353 1131 3408 F.

90 3427 135 3479 18
156 3424 328 3498 παραγρημ’
349 3425 478 3482 Kaelker
501 3443 530 3498 p.
552 3431 613 3481 307.
667 3422 850 3480 ἀποκτέννειν
870 3425 896 3478 R
921 3421 1086 3479 ἀποκτένειν
1104 3424 1132 3478 X

74 3492 271 3552 ἐπεκτείνειν
291 3499 330 3566 Κ·
355 3500 393 3557 cf.
415 3498 537 3558 Crbnert
555 3518 593 3556 m.
611 3497 661 3555 Gt.
675 3497 762 3554 Hero.
777 3500 885 3568 ρθῶῶ.
949 3496 987 3548 λθ
1012 3492 1057 3549 διδ
1080 3495 1131 3548 καί

54 3559 150 3632 Mle}
177 3577 235 3624 5⁰0
262 3569 343 3628 καθ’
365 3575 446 3648 ἡμᾶς
474 3577 543 3652 βίου
569 3571 711 3632 ΚωΠοωὶ).
726 3571 850 3641 δρῶ..
921 3565 964 3618 22
978 3564 1028 3631 τδρ
1047 3565 1149 3615 zm.
