2460 3848
461 180 503 236 01.
514 185 614 249 τινες
634 185 686 236 310
701 179 799 236 νοω.
1075 185 1137 250 187

120 331 199 404 τούς
231 328 295 413 γάρ
327 324 609 412 ἐπιφανεστάτους
643 337 710 392 τῶν
743 325 878 411 ἀνδρῶν
909 324 946 392 ἐν
977 327 1039 410 μέν
1070 336 1140 404 τοῖς

67 434 281 518 413πολέμοις
312 432 519 519 προάγουσιν
550 431 605 498 ἐπὶ
638 434 696 510 τὰς
728 434 919 518 ἡγεμονίας,
951 435 1140 517 νομίζοντες

121 542 194 606 δεῖν
213 541 336 618 αὐτούς
353 551 421 605 τῶν
439 540 528 606 ὅλων
546 540 836 625 προκινδυνεύειν·
860 540 941 606 ὅταν
961 540 999 605 δὲ
1016 541 1139 625 τύχωσι

120 659 178 734 τῆς
205 650 353 733 εἰρήνης,
385 649 464 723 τούς
493 646 615 724 αὐτοὺς
640 648 781 724 τούτους
808 655 1057 733 συκοφαντοῦσι
1084 646 1140 711 καλ

90 777 102 818 ε
120 757 245 840 κρίσεις
268 753 404 832 ἀδίκους
426 751 640 839 ἐπιφέροντες
663 754 719 820 διά
736 755 797 819 τὸν
816 756 952 840 φθόνον
969 754 1139 837 τιμωρίαις

121 861 367 946 περιβάλλουσι.
413 861 465 926 διὸ
493 860 549 926 καί
575 871 643 926 τῶν
666 859 720 926 ἐπλ
747 862 805 938 τάς
827 862 1004 946 ἡγεμονίας
1027 882 1139 925 ταττο-
1158 879 1174 927 4

120 968 230 1052 μένων
260 967 349 1045 τινές
379 967 441 1052 μὲν
474 967 679 1053 φοβούμενοι
709 968 768 1044 τάς
798 965 836 1033 ἐν
864 979 910 1054 τῷ
939 969 1137 1054 δικαστηρίῳ

120 1078 245 1161 κρίσεις
272 1073 452 1140 ἀποστάται
479 1076 629 1158 γίνονται
657 1074 729 1159 [τῆς
755 1075 962 1159 ηγεμονίας],
988 1075 1076 1152 τινὲς
1103 1073 1135 1137 δ’

121 1181 326 1248 ἐπιτίθενται
356 1184 567 1267 τυραννίσιν·
600 1182 681 1267 ὅπερ
712 1181 768 1247 καλ
799 1183 873 1247 τότε
901 1182 1087 1266 Βορμίλκας
1119 1178 1137 1244 δ

76 1313 102 1352 10
122 1289 231 1374 ἕτερος
253 1300 321 1354 τῶν
344 1299 537 1374 στρατηγῶν
559 1286 708 1373 ἐποίησε,
735 1288 812 1374 περί
839 1284 880 1354 ού
903 1289 1023 1372 μικρὸν
1044 1287 1138 1353 ύστε-

122 1419 183 1480 ρον
206 1394 355 1481 ἐροῦμεν.
401 1397 434 1460 ολ
461 1397 493 1479 γ’
510 1389 573 1460 οὖν
601 1395 779 1480 στρατηγοί
805 1405 873 1460 τῶν
896 1395 1139 1479 Καρχηδονίων
1158 1411 1175 1462 6

121 1502 263 1587 δρῶντες
291 1504 351 1568 τὸν
380 1503 498 1587 καιρὸν
528 1501 681 1586 οὐδαμῶς
710 1499 876 1586 ἀναβολῆς
905 1503 1030 1566 οίκεῖον
1061 1503 1140 1577 τοὺς

120 1610 181 1692 μὲν
200 1609 264 1675 ἀπὸ
282 1616 341 1695 της
364 1610 472 1694 χώρας
493 1608 549 1674 καλ
572 1619 640 1674 τῶν
659 1609 875 1693 συμμαχίδων
894 1610 1023 1674 πόλεων
1042 1624 1139 1693 στρα-

120 1718 237 1795 τιώτας
261 1717 323 1782 οῦκ
346 1716 534 1800 ἀνέμειναν,
562 1714 684 1792 αὐτούς
712 1716 750 1781 δὲ
776 1718 855 1793 τοὺς
878 1717 1069 1792 πολιτικούς
1091 1712 1140 1792 ἐξ·

77 1847 102 1888 ιι
120 1827 247 1908 ηγαγον
270 1825 317 1900 είς
339 1823 521 1908 ὕπαιθρον,
548 1823 647 1898 ὄντας
674 1825 791 1901 πεζούς
815 1824 877 1906 μὲν
900 1822 962 1888 οὐκ
984 1821 1140 1898 ἐλάττους

120 1932 412 2016 τετρακισμυρίων,
436 1931 544 2006 λπτιεῖς
563 1929 600 1994 δέ
618 1931 760 2014 χιλίους,
784 1930 912 2015 άρματα
930 1929 968 1994 δέ
986 1930 1139 2014 δισχίλια.

119 2041 381 2120 καταλαβόμενοι
405 2035 445 2102 δέ
469 2059 544 2102 τινα
571 2036 746 2122 γεώλοφον
769 2035 810 2101 ού
837 2037 967 2121 μακράν
989 2046 1058 2100 τῶν
1080 2054 1174 2102 rto-6

120 2145 243 2225 λεμίων
261 2141 431 2221 ἐξέταττον
453 2146 515 2228 την
536 2143 681 2227 δύναμιν
704 2145 752 2220 είς
773 2143 894 2227 μάχην·
917 2142 1054 2208 καὶτοῦ
1078 2142 1139 2226 μὲν

121 2247 231 2327 δεξιοῦ
254 2249 391 2335 κέρατος
406 2247 538 2316 ’Ἁννων
561 2245 628 2335 εἶχε
652 2252 714 2334 τὴν
739 2250 931 2334 ἡγεμονίαν,
955 2264 1139 2332 συναγωνι-

76 2381 102 2420 ιο
121 2356 267 2439 ζομένων
285 2357 373 2443 αὐτῷ
395 2368 463 2422 τῶν
482 2359 529 2434 είς
547 2359 607 2423 τὸν
628 2358 718 2443 λερὸν
736 2358 837 2441 λόχον
856 2355 1139 2440 συντεταγμένων,

120 2472 181 2528 τοῦ
205 2465 237 2527 δ’
254 2465 429 2546 εὐωνύμου
453 2466 641 2549 Βορμίλκας
664 2463 846 2548 ἡγούμενος
869 2466 1013 2546 βαθεῖαν
1036 2461 1140 2528 ἐποίει

121 2572 182 2654 τὴν
210 2571 379 2655 φάλαγγα,
408 2570 597 2649 κωλύοντος
623 2580 683 2636 τοῦ
706 2572 811 2636 τύπου
836 2572 1063 2656 παρεκτείνειν
1085 2568 1139 2635 ἐπί

121 2682 249 2742 πλεῖον·
272 2678 313 2742 τά
331 2678 363 2742 δ’
380 2678 508 2761 ἅρματα
530 2678 586 2743 καί
608 2681 687 2755 τοὺς
712 2679 820 2754 λπτιεῖς
843 2679 907 2763 πρὸ
930 2684 989 2761 τῆς
1013 2677 1140 2762 φάλαγ-

121 2808 179 2867 γος
198 2781 349 2869 ἔστησαν,
373 2784 588 2868 διεγνωκότες
605 2785 736 2863 τούτοις
755 2795 888 2870 πρῶτον
906 2782 1062 2868 ἐμβαλεῖν
1084 2782 1140 2848 καί

77 2913 102 2954 ει
120 2902 188 2956 τῶν
207 2889 376 2976 Ἑλλήνων
399 2890 676 2976 ἀποπειραθῆναι.

192 3120 292 3182 Ῑτοῦς
310 3121 360 3190 μὲν
378 3120 432 3191 γὰρ
450 3121 480 3176 F.
540 3118 717 3189 ἀπολεμίοις
734 3119 767 3176 X.
805 3120 851 3175 ἐπὶ
869 3129 918 3191 της
935 3119 978 3189 ἠγ.
993 3119 1023 3173 F.
1061 3114 1139 3186 νομί-

119 3191 223 3263 ζοντες]
243 3191 424 3261 ὀνομάζοντες
442 3193 471 3246 λ’.
535 3191 553 3245 6
571 3191 704 3246 usitatius
723 3191 769 3245 ἐπὶ
787 3200 835 3262 τῆς
852 3191 895 3261 ἠγ.
916 3191 961 3260 (ef.
977 3207 1000 3244 e.
1015 3208 1056 3260 gr.
1074 3187 1139 3242 XIV

121 3269 163 3329 24,
179 3266 205 3332 1)
223 3264 269 3317 vel
287 3263 333 3317 ἐπλ
351 3272 413 3326 ταῖς
430 3263 473 3334 ηγ.
489 3263 534 3333 (cf.
550 3279 572 3318 e.
588 3281 629 3332 gr.
643 3262 708 3316 XIII
723 3269 765 3329 14,
775 3265 810 3331 4).
863 3263 960 3388 Spnc
977 3257 1138 3331 ἡγεμονίας]

119 3336 196 3388 recte
215 3335 268 3390 del.
288 3334 379 3389 Madv.
394 3336 407 3388 I
425 3353 452 3404 p.
468 3340 529 3402 513,
548 3334 567 3389 f.
586 3350 620 3388 ex
638 3352 662 3388 v.
679 3339 695 3387 6
713 3333 834 3388 illatum.
911 3332 975 3387 1οὶ
994 3331 1020 3387 δ’
1038 3329 1089 3387 οῦν
1107 3331 1137 3385 P.

120 3405 156 3459 1ss
181 3405 264 3460 aliter
288 3406 359 3461 Just.
383 3405 459 3460 XXII
477 3413 502 3472 6,
517 3413 547 3470 63
573 3406 607 3460 cf.
630 3404 714 3460 Holm
733 3404 764 3459 G.
781 3404 807 3460 S.
826 3404 852 3459 H
869 3423 897 3474 p.
912 3411 980 3469 4773
1002 3402 1147 3456 Sehuhzxk

119 3477 223 3546 Agath.
250 3495 277 3547 p.
298 3482 397 3547 107sq.
476 3477 512 3533 19
531 3476 659 3533 ἎνυνΕ
684 3477 814 3547 εοεηὶοε.
891 3475 936 3528 Ὣς
960 3471 1050 3525 πλέον
1066 3466 1172 3516 ’Μ-

120 3563 235 3616 sempor.
