2460 3848
97 213 163 279 284
449 210 563 266 Diodor.
573 209 624 264 XX
639 216 752 266 ‘16-‘18

97 355 228 423 ἀπιέναι
250 360 449 441 παρήγγειλε
471 366 542 433 τοῖς
563 356 777 441 στρατιώταις
800 356 1037 440 ἀναζευγνύειν
1059 358 1114 423 καί

95 466 177 548 ταχύ
196 463 298 529 πάλιν
316 462 508 547 ἐπανῆλθεν
526 465 574 540 είς
593 464 655 546 τήν
673 464 817 550 Συρίαν,
841 464 1114 548 συμπαραπλέον-

95 594 151 648 τος
170 571 259 659 αὐτῷ
277 569 334 635 καλ
351 579 411 635 τοῦ
431 571 551 635 στόλου
575 572 707 647 παντός.
744 574 951 651 Πτολεμαῖος
974 570 1012 635 δέ
1034 572 1114 653 μετὰ

95 679 157 761 τήν
175 677 369 761 ἀπαλλαγήν
386 686 454 743 τῶν
472 678 639 760 πολεμίων
657 678 836 762 περιχαρής
858 679 1037 760 γενόμενος
1058 677 1114 742 καὶ

94 785 205 861 θύσας
232 793 301 860 τολς
327 791 422 860 θεολς
443 787 639 869 χαριστήρια
660 785 740 861 τοὺς
763 785 883 868 φίλους
906 785 1012 849 εἱστία
1035 789 1114 866 λαμ·
1146 805 1158 846 ι

61 901 194 973 ιπρῶς.
230 890 285 955 καί
308 891 391 972 πρὸς
412 890 474 972 μὲν
496 893 576 968 τοὺς
597 891 674 975 περὶ
695 890 865 956 Σέλευκον
887 891 943 956 καλ
965 893 1057 957 Λυσί
1085 872 1114 937 ’-

94 1020 155 1081 χον
173 997 229 1062 καλ
247 997 449 1079 Κάσανδρον
472 993 595 1082 ἔγραψε
617 998 694 1083 περὶ
716 1007 784 1064 τῶν
802 997 1036 1082 εὐτυχημάτων
1059 998 1114 1063 καὶ

94 1103 170 1188 περὶ
196 1112 257 1168 τοῦ
285 1106 438 1187 πλήθους
464 1115 532 1169 τῶν
559 1106 643 1189 πρὸς
672 1104 776 1170 αὐτὸν
804 1104 1114 1188 αὐτομολησάντων,

94 1209 194 1287 αὐτὸς
212 1209 305 1275 δὲτὸ
329 1210 488 1296 δεύτερον
505 1210 731 1294 ἠγωνισμένος
752 1210 838 1297 ὑπὲρ
860 1217 919 1297 τῆς
937 1211 1112 1295 Αἰγύπτου

92 1316 149 1381 καλ
177 1319 315 1399 νομίσας
345 1318 542 1403 δορίκτητον
571 1314 659 1402 ἔχειν
688 1319 750 1402 τήν
779 1319 892 1403 χώραν
922 1317 1113 1404 ἐπανῆλθεν
1132 1340 1158 1380 ιο

94 1424 141 1500 είς
162 1425 225 1508 τήν
244 1422 502 1507 Ἀλεξάνδρειαν.

42 1531 82 1595 77
156 1525 242 1612 Ἅμα
277 1530 315 1596 δὲ
350 1532 481 1609 τούτοις
517 1530 754 1617 πραττομένοις
785 1532 968 1609 Διονύσιος
1004 1531 1022 1597 δ
1055 1538 1113 1614 τῆς

90 1626 285 1722 Ἡρακλείας
317 1644 376 1721 τής
407 1636 445 1703 ἐν
475 1649 521 1724 τῷ
552 1641 673 1726 Πόντφ
705 1639 871 1724 τύραννος
901 1637 1112 1720 ἐτελεύτησεν

94 1741 193 1828 ἄρξας
215 1741 270 1828 ἐτη
294 1744 471 1829 τριάκοντα
494 1744 571 1829 δύο,
594 1746 656 1829 τήν
679 1744 717 1810 δὲ
740 1747 940 1811 δυναστείαν
963 1741 1111 1821 διαδεξά-

93 1872 187 1930 μενοι
211 1851 243 1915 ολ
265 1850 335 1916 υίολ
355 1847 517 1936 Ὀξάθρας
537 1852 593 1917 καί
616 1851 787 1938 Κλέαρχος
808 1849 913 1937 ἦρξαν
935 1847 991 1934 ἐτη
1015 1849 1111 1916 ἐτιτα-
1130 1871 1156 1911 ιι

93 1956 236 2022 καίδεκα.
282 1959 364 2023 κατὰ
387 1958 425 2023 δέ
447 1959 509 2042 τήν
532 1962 692 2024 Σικελίαν
710 1955 915 2043 Ἀγαθοκλῆς
938 1954 1032 2048 ἐπήει
1053 1958 1112 2034 τὰς

93 2060 149 2128 ὑπ’
165 2064 269 2130 αὐτὸν
287 2066 399 2141 πόλεις
417 2064 679 2148 ἀσφαλιζόμενος
699 2075 864 2151 φρουραῖς
886 2066 941 2130 καί
959 2068 1164 2150 χρήματαεοι

93 2173 327 2253 πραττόμενος·
348 2171 481 2257 σφόδρα
498 2173 563 2257 γάρ
582 2172 753 2255 εύλαβελτο
772 2175 897 2257 μήποτε
915 2171 972 2238 διδι
987 2174 1045 2249 τδις
1059 2195 1112 2256 γε-

93 2277 273 2362 γενημένας
292 2278 369 2363 περὶ
387 2278 490 2344 αὐτὸν
509 2278 645 2363 ἀτυχίας
663 2278 854 2365 ὁρμήσωσιν
868 2280 901 2344 οί
914 2284 1112 2345 Σικελιῶται

57 2401 73 2448 ε
92 2386 175 2469 πρὸς
202 2386 263 2469 τήν
286 2385 498 2467 αὐτονομίαν.
543 2386 623 2450 καθ’
640 2384 681 2450 δυ
704 2386 745 2471 δή
773 2389 898 2472 χρόνον
921 2387 1112 2470 Πασίφιλος
1129 2405 1156 2446 νο

93 2490 111 2555 δ
148 2493 344 2575 στρατηγός,
381 2490 525 2569 ἀκούσας
560 2493 623 2575 τήν
655 2503 724 2558 τῶν
752 2489 996 2576 Ἀγαθοκλέους
1027 2494 1112 2558 υἱῶν

93 2596 264 2682 άναίρεσιν
293 2599 348 2663 καὶ
377 2600 417 2664 τδ
446 2598 523 2683 περὶ
549 2600 611 2683 τήν
638 2599 771 2682 Λιβύην
798 2597 1021 2683 ἐλαττώματα,
1051 2608 1111 2664 τοῦ

91 2703 153 2787 μέν
171 2704 339 2769 δυνάστου
358 2707 597 2791 κατεφρόνησε,
620 2707 704 2791 πρὸς
726 2704 764 2770 δὲ
782 2705 1013 2790 Δεινοκράτην
1032 2704 1111 2771 άπο-

92 2812 170 2888 στὰς
197 2811 253 2876 καί
280 2813 397 2893 φιλίαν
424 2812 513 2898 αύτῷ
544 2811 751 2893 συνθέμενος
780 2812 839 2889 τάς
867 2835 902 2878 τε
932 2810 1046 2890 πόλεις
1072 2812 1111 2890 δς

90 2913 134 3000 ἦν
156 2919 413 3001 πεπιστευμένος
441 2915 655 3002 διακατέσχεν
676 2919 733 2984 καλ
754 2921 817 3004 τήν
839 2916 907 3002 μετ’
926 2919 1029 2985 αὐτοῦ
1053 2919 1111 2983 δύ·
1129 2938 1155 2979 ιι

92 3048 192 3106 ναμιν
210 3023 320 3091 ἐλπίσι
342 3029 586 3110 ψυχαγωγήσας
607 3025 787 3108 ἀλλοτρίαν
810 3026 1027 3092 κατεσκεύασε
1050 3035 1110 3090 τοῦ

161 3217 224 3273 45
248 3219 298 3272 καλ
324 3218 642 3290 θύσας-χαριστήρια]
674 3220 767 3282 θύσας
798 3227 857 3282 τοῖς
887 3223 968 3282 θεοῖς
999 3219 1110 3288 εύχαρι-

91 3305 121 3344 στ
142 3309 189 3357 ρια
213 3290 243 3344 F.
316 3289 342 3344 6.
363 3292 378 3344 7
404 3290 453 3344 καὶ
472 3289 659 3357 Κάσσανδρον
681 3291 731 3345 καὶ
745 3288 906 3360 Λυσίμαχον
928 3290 959 3344 F.
1031 3289 1049 3343 9
1075 3289 1109 3342 of.

89 3358 114 3411 X
199 3366 241 3428 39,
256 3366 281 3415 ό.
345 3362 381 3417 14
399 3361 434 3416 cf.
453 3359 518 3414 XVI
536 3366 579 3428 88,
594 3367 618 3416 ό.
683 3362 719 3416 15
731 3360 885 3433 Ὀξάθρας]
904 3360 1013 3428 ζάθρας
1031 3359 1109 3425 libri;

58 3444 145 3510 ,com
178 3431 281 3497 Woss.‚·
309 3431 345 3489 cf.
372 3433 509 3488 Memnon
536 3432 570 3488 fr.
591 3439 651 3487 4.6
678 3432 1035 3504 (FffGr.111p.530sq.)
1060 3430 1110 3485 ubi

224 3501 1127 3656 ειηιιυηηαιωααεπακ
