2460 3848
111 197 176 264 144
457 195 571 254 Diodor..
580 194 645 250 XIX
659 201 781 250 92-94.

109 342 164 407 καλ
189 342 326 426 Μηδίαν
348 342 407 406 καί
428 364 522 418 τινας
549 351 617 407 τῶν
645 341 810 432 σύνεγγυς
836 337 962 410 τόπών·
989 345 1069 429 περί
1094 366 1130 410 τε

109 459 177 515 τῶν
206 447 420 536 διῳκημένων
452 444 576 533 ἔγραψε
607 448 691 534 πρὸς
720 453 931 532 Πτολεμαῖον
962 451 1019 517 καί
1050 453 1131 530 τοὺς

109 557 231 633 ἀλλους
264 556 399 640 φίλους,
435 550 520 640 ἔχων
555 555 620 639 ήδη
656 557 830 638 βασιλικὸν
866 553 1037 641 ἀνάστημα
1063 539 1131 627 Ικαί

109 660 211 740 δόξαν
234 658 331 739 ἀξίαν
352 662 538 746 ἡγεμονίας.

56 769 99 836 93
173 765 257 851 ’Ἁμα
298 768 337 834 δὲ
377 768 506 845 τούτοις
546 769 785 855 πραττομένοις
820 774 1027 852 Πτολεμαῖος
1067 771 1131 854 μδν
1162 790 1175 832 ε

110 875 253 962 διέτριβε
286 875 362 961 περὶ
391 877 521 960 Κοίλην
550 877 693 961 Συρίαν,
725 877 906 961 νενικηκώς
934 880 1131 964 Δημήτριον

109 984 169 1048 τὸν
192 978 386 1066 Ἀντιγόνου
414 979 593 1068 παρατάξει
621 983 754 1073 μεγάλη.
805 982 845 1049 δν
872 984 1131 1067 πυνθανόμενος

110 1088 146 1155 ἐκ
164 1091 318 1166 Κιλικίας
336 1088 580 1176 ἀνεστραφέναι
597 1090 653 1156 καλ
676 1090 950 1175 στρατοπεδεύειν
969 1091 1046 1178 περί
1067 1092 1131 1176 τήν

110 1197 178 1262 άνώ
211 1198 354 1282 Συρίαν,
391 1198 640 1281 προεχειρίσατο
676 1206 745 1262 τῶν
776 1197 853 1282 περὶ
884 1197 988 1263 αὑτὸν
1020 1199 1131 1283 φίλων

34 1338 37 1344 ·
74 1320 90 1369 2
110 1305 240 1388 Κίλλην
257 1304 317 1369 τὸν
335 1303 531 1368 Μακεδόνα·
555 1303 662 1389 τούτῳ
680 1302 719 1368 δὲ
741 1303 822 1381 δούς
844 1303 990 1387 δύναμιν
1012 1305 1131 1389 ἱκανήν
1149 1327 1176 1369 ιο

109 1408 310 1497 προσέταξεν
342 1407 494 1487 ἐκδιῶξαι
525 1409 585 1474 τὸν
613 1412 808 1495 Δημήτριον
840 1411 876 1475 τὸ
906 1410 1064 1496 παράπαν
1094 1410 1131 1478 ἐκ

110 1527 168 1601 τής
190 1519 318 1602 Συρίας
340 1515 361 1600 ή
385 1516 690 1601 περικαταλαβόντα
716 1526 904 1602 συντρῖψαι.
949 1518 1070 1583 τούτου
1094 1520 1128 1583 δ’

110 1625 207 1700 όντος
229 1625 311 1688 κατά
333 1624 474 1708 πορείαν
491 1627 683 1708 Δημήτριος
705 1623 761 1688 διὰ
783 1633 851 1689 τῶν
874 1634 1008 1693 σκοπῶν
1031 1624 1131 1690 ἀκού-

111 1746 171 1807 σας
210 1731 269 1794 τὸν
306 1731 436 1814 Κίλλην
477 1730 752 1815 στρατοπεδεύειν
791 1733 1132 1817 καταπεφρονηκότως

110 1836 186 1922 περί
209 1841 390 1919 Μυοῦντα,
417 1838 479 1921 τήν
505 1835 567 1919 μὲν
594 1834 783 1920 ἀποσκευήν
806 1836 959 1922 ἀπέλιπε,
986 1841 1065 1915 τοὺς
1092 1837 1132 1906 δὲ
1149 1858 1177 1900 ιε

111 1943 310 2028 στρατιώτας
333 1942 497 2021 εὐζώνους
519 1943 865 2030 παραλαβὼννυκτὸς
889 1947 1027 2030 πορείαν
1051 1945 1132 2010 σύν-

111 2073 213 2133 τομον
232 2048 423 2135 ἐποιήσατο,
441 2050 641 2136 προσπεσὼν
655 2049 693 2115 δὲ
711 2058 781 2127 τοῖς
799 2054 969 2135 πολεμίοις
986 2038 1132 2137 δωθινής
1178 2089 1180 2093 ν

111 2161 262 2242 φυλακῆς
280 2159 376 2243 ἀφνώ
396 2167 454 2242 τής
471 2179 506 2222 τε
525 2157 697 2240 δυνάμεως
715 2157 796 2222 ἀνευ
815 2159 920 2244 μάχης
937 2157 1132 2245 ἐκυρίευσεν

110 2265 166 2330 καλ
198 2264 301 2330 αὐτὸν
332 2266 392 2330 τὸν
425 2264 609 2349 στρατηγὸν
641 2262 812 2350 ἐζώγρησε.
867 2266 1063 2350 τηλικούτου
1097 2265 1129 2332 δ’

112 2371 335 2456 εὐτυχήματος
368 2369 590 2454 γεγενημένου
623 2370 684 2454 τήν
719 2366 822 2454 ήτταν
854 2371 1132 2459 ἀναμαχήσασθαι
1150 2393 1177 2437 ιο

76 2494 92 2543 3
112 2477 284 2563 διειλήφει.
322 2477 362 2543 οὐ
385 2479 452 2562 μήν
472 2476 556 2542 ἀλλά
578 2478 638 2542 τὸν
656 2482 866 2560 Πτολεμαῖον
883 2477 1132 2562 ὑπολαμβάνων

111 2581 202 2667 ήξειν
229 2580 279 2649 ἐπ’
303 2583 406 2649 αὐτὸν
432 2585 513 2667 μετὰ
540 2583 647 2667 πόσης
673 2594 731 2668 τής
760 2585 945 2670 δυνάμεως,
978 2585 1132 2673 ἐστρατο-

111 2689 252 2756 πέδευσε
274 2693 490 2776 προβλήματα
512 2700 570 2775 τής
597 2694 806 2777 παρεμβολῆς
830 2692 1051 2777 ποιησάμενος
1073 2692 1132 2778 ἕλη

111 2797 167 2862 καλ
190 2798 315 2879 λίμνας.
356 2794 479 2885 ἔγραψε
502 2797 540 2863 δὲ
562 2798 617 2864 καλ
640 2799 724 2884 πρὸς
745 2800 805 2865 τὸν
827 2799 952 2885 πατέρα
974 2800 1132 2886 περὶτοῦ

112 2901 294 2987 γενομένου
326 2906 596 2990 κατορθώματος,
629 2905 712 2990 [καί]
745 2911 946 2992 παρακαλῶν
977 2904 1081 2972 αύτὸν
1110 2907 1177 2992 ήει

183 3059 201 3114 6
219 3061 282 3128 περὶ
300 3060 351 3130 τήν
369 3066 403 3116 Κ.
419 3065 451 3116 Σ.
466 3062 496 3116 Κ.
558 3062 576 3117 8
595 3059 801 3132 ἀνεστραφέναι
819 3063 899 3118 codd.
958 3063 976 3118 9
994 3060 1082 3119 αύτδν
1100 3063 1131 3119 F.

111 3131 148 3186 10
166 3132 287 3202 δύναμιν
305 3131 355 3202 τήν
374 3132 476 3204 λιιανήν
492 3135 522 3188 F.
578 3133 614 3187 15
632 3135 695 3202 περὶ
709 3135 858 3206 Μυοῦντα]
877 3134 944 3189 urbs
963 3135 1075 3206 ignota3
1095 3136 1131 3190 cf.

111 3203 303 3272 Droysen112
318 3221 345 3272 p.
356 3210 390 3258 52
405 3220 429 3258 ε.
440 3210 464 3259 λ.
501 3204 683 3275 παρασκευήν
697 3204 769 3258 RXF
784 3209 863 3275 (corr.
877 3213 901 3260 2.
911 3208 967 3277 m.).
1018 3206 1054 3261 16
1071 3223 1132 3261 ma-

18 3330 21 3337 ,
112 3274 162 3328 lim
186 3275 278 3329 ἀναλα
297 3276 352 3336 διν.
390 3272 490 3338 ννιιτδς
507 3273 637 3347 πορείαν]
657 3275 847 3344 νυκτοπορίαν
864 3277 949 3334 Dind.
996 3279 1133 3335 σύντονον

111 3345 195 3400 Dind.
286 3346 304 3402 9
326 3347 375 3402 ιιαλ
398 3343 484 3403 αύτδν
506 3344 556 3403 τὸν
575 3345 679 3417 Κίλλην
703 3347 836 3418 ἐζώγρησε
858 3345 907 3407 τὸν
929 3347 1082 3420 στρατηγὸν
1101 3351 1132 3405 F.

104 3416 148 3470 20
160 3414 317 3486 γενομένου
333 3418 364 3472 Κ.
402 3418 652 3490 ἀναμαχήσασθαι]
672 3419 912 3490 ἀναμηχανᾶσθαι
924 3420 955 3489 F,
975 3437 1044 3476 corr.
1060 3427 1084 3476 2.
1095 3439 1132 3476 m.

77 3483 136 3608 dg}
149 3489 293 3614 dbfflw
307 3489 377 3547 h'bn'
392 3491 439 3564 (cf.
454 3491 551 3549 Madv.
562 3490 576 3547 l
588 3509 616 3562 p.
628 3494 706 3562 ολλγ,
724 3489 865 3560 διελήφθη
876 3492 940 3547 edd.
1003 3492 1040 3547 25
1058 3493 1132 3567 [καλ]
