2460 3848
445 185 486 240 01.
499 190 559 253 ιιι,
571 193 598 240 1:
619 191 671 241 312
686 201 710 241 ι.
722 185 784 241 chr.
1059 190 1121 256 151

106 329 225 396 σκοποί
242 334 506 415 κατανοήσαντες
526 333 687 413 πολεμίαν
706 332 851 414 δύναμιν
869 334 1125 416 εἰσβεβληκυῖαν

105 436 273 522 ἐσήμηναν
296 448 366 515 τοῖς
387 440 595 520 Ναβαταίοις
622 439 675 503 διδι
702 449 770 503 τῶν
793 439 1019 522 συγκειμένων
1042 460 1124 525 πυρ-

105 554 187 610 σῶν·
215 545 331 631 διόπερ
360 545 392 610 ολ
419 544 584 631 βάρβαροι
611 546 808 627 νομίσαντες
835 547 1007 629 συντόμως
1031 546 1125 630 ήκειν

103 654 184 728 τοὺς
199 648 376 735 Ἕλληνας,
402 653 449 728 εἰς
471 651 533 735 μὲν
550 653 612 736 τήν
634 651 759 737 πέτραν
779 650 945 718 ἀπέθεντο
969 655 1026 729 τάς
1045 652 1132 718 ἀπο-’

72 780 85 821 ι
104 760 224 835 σκευάς
246 760 302 822 καί
321 760 476 843 φυλακήν
493 760 555 843 τήν
576 759 693 843 ἱκανήν
712 756 906 842 ἐπέστησαν,
930 760 1032 843 οὔσης
1049 769 1126 842 μιοῖς

104 863 295 948 ἀναβάσεως
313 867 555 950 χειροποιήτου,
577 865 673 931 αὐτοί
690 865 728 931 δὲ
746 866 932 948 διελόμενοι
952 867 1014 950 τήν
1033 868 1125 931 λείαν

104 974 199 1037 ἄλλοι
226 969 296 1037 κατ’
315 973 437 1048 ἀλλους
464 973 588 1049 τόπους
615 972 810 1058 ἀπήλαυνον
838 974 885 1050 εἰς
908 974 970 1057 τήν
994 970 1124 1058 ἔρημον.

103 1082 299 1164 ΔημήτριοςΙ
321 1078 359 1143 δὲ
386 1080 654 1164 παραγενόμενος
682 1081 729 1156 εἰς
754 1081 816 1164 τήν
839 1079 964 1165 πέτραν
986 1080 1042 1145 καί
1064 1082 1159 1164 τήνε

105 1190 197 1251 λείαν
233 1186 429 1268 καταλαβὼν
461 1185 717 1270 ἀπηλλαγμένην
748 1188 938 1271 προσβολὰς
976 1197 1126 1271 συνεχεῖς

59 1315 86 1355 ιο
105 1291 246 1358 ἐποιεῖτο
268 1304 314 1379 τῷ
338 1295 455 1379 χωρί.
498 1291 717 1375 ἀμυνομένων
745 1293 783 1358 δὲ
809 1305 876 1358 τῶν
900 1290 1000 1358 ένδον
1023 1293 1126 1379 εὐρώ-

105 1415 189 1475 στως
206 1401 261 1464 καί
279 1398 563 1485 περιγιγνομένων
577 1400 700 1486 ῥαδίως
719 1400 775 1464 διά
792 1402 854 1485 τήν
871 1399 1040 1484 ὑπεροχήν
1057 1410 1126 1464 τῶν

103 1508 215 1571 τόπων
244 1509 317 1572 τότε
347 1505 409 1589 μὲν
437 1504 533 1590 μέχρι
560 1506 671 1590 δείλης
698 1505 946 1591 ἀγωνισάμενος
973 1504 1126 1570 ἀνεκαλέ-

104 1629 184 1679 σατο
217 1623 256 1698 τῇ
290 1613 448 1696 σάλπιγγι
479 1614 558 1688 τοὺς
590 1614 802 1698 στρατιώτας·
837 1623 877 1699 τή
910 1609 940 1677 δ’
967 1611 1161 1698 ὑστεραίριε

104 1721 374 1807 προσαγαγόντος
406 1719 510 1785 αὐτοῦ
543 1729 583 1805 τῇ
617 1718 722 1806 πέτρα
757 1728 825 1785 τῶν
860 1719 1040 1804 βαρβάρων
1076 1742 1126 1796 τις

60 1848 85 1889 ιι
104 1827 287 1911 ἀνεβόησεν
310 1831 476 1891 ((Βασιλεῦ
500 1829 685 1912 Δημήτριε,
710 1830 745 1892 τί
765 1829 969 1910 βουλόμενος
991 1826 1011 1910 ή
1035 1828 1127 1903 τίνος

104 1933 345 2017 ἀναγκάζοντος
369 1939 522 2015 πολεμεῖς
544 1934 644 2018 ἡμᾶς,
673 1936 848 2010 οἰκοῦντας
870 1932 908 1998 ἐν
931 1932 1049 2019 ἐρημίη
1071 1932 1127 1997 καί

104 2043 217 2118 τόποις
241 2037 320 2106 οὔθ’
337 2040 430 2127 ὕδωρ
457 2037 592 2125 ἔχουσιν
615 2040 692 2105 οὔτε
716 2049 810 2105 σῖτον
832 2041 910 2105 οὔτε
934 2034 1029 2105 οἰνον
1052 2040 1123 2104 οὔτ’

105 2148 185 2213 ἀλλο
212 2171 245 2212 τι
272 2147 383 2224 ἁπλῶς
411 2147 513 2213 οὐδὲν
540 2158 608 2212 τῶν
635 2143 712 2232 παρ’
735 2147 816 2230 ὑμῖν
844 2148 891 2223 εἰς
921 2148 982 2230 τήν
1012 2148 1126 2231 χρείαν

105 2254 311 2338 ἀνηκόντωνς
338 2256 431 2339 ἡμεῖς
452 2258 517 2340 γάρ
540 2254 655 2319 οὐδενί
677 2255 789 2341 τρόπῳ
812 2251 1025 2338 προσιέμενοι
1048 2253 1162 2318 δον-4

58 2385 85 2426 ιο
105 2362 215 2428 λεόειν
231 2362 518 2447 Ισυμπεφεύγαμεν
541 2363 588 2438 εἰς
611 2362 723 2446 χώραν
747 2362 972 2438 σπανίζουσαν
992 2360 1127 2425 πάντων

103 2479 171 2534 των
199 2468 236 2534 ἐν
263 2479 334 2546 τοῖς
360 2470 473 2546 ἀλλοις
500 2471 670 2554 χρησίμων
697 2468 752 2533 καί
779 2470 856 2551 βίον
883 2468 1041 2550 εἱλόμεθα
1068 2470 1128 2551 ζην

104 2573 228 2661 έρημον
245 2576 302 2641 καί
319 2575 472 2661 θηριώδη
491 2580 674 2659 παντελῶς,
694 2574 795 2640 οὐδὲν
813 2575 899 2658 ὑμᾶς
916 2575 1126 2657 βλάπτοντες.

105 2681 260 2766 ἀξιοῦμεν
283 2676 347 2748 οὖν
369 2682 426 2748 καί
449 2681 486 2747 σὲ
507 2681 563 2746 καί
584 2683 645 2746 τὸν
668 2680 792 2766 πατέρα
815 2683 858 2766 μή
882 2679 1011 2747 ἀδικεῖν
1032 2682 1126 2766 ήμῖις,

104 2788 188 2855 ἀλλὰ
211 2791 374 2872 λαβόντας
398 2789 523 2874 δωρεάς
546 2785 623 2873 παρ’
641 2789 735 2871 ἡμῶν
758 2786 942 2872 ἀπαγαγεῖν
967 2790 1004 2853 τὸ
1029 2804 1126 2873 στρα-

58 2918 85 2960 νι
103 2897 247 2962 τόπεδον
283 2896 338 2962 καί
380 2897 500 2980 φίλους
541 2897 687 2978 νομίζειν
723 2895 939 2976 Ναβαταίους
980 2896 1027 2971 εἰς
1067 2895 1127 2959 τὸν

176 3053 192 3107 l
211 3054 435 3125 εἰσβεβληκυῖαν]
455 3053 651 3124 εἰσβεβηκυῖαν
670 3051 764 3115 codd.;
784 3068 852 3106 corr.
870 3051 954 3106 Dind.
1028 3050 1127 3103 2Να-

104 3123 242 3197 βαταίοις]
269 3125 371 3194 νομάσι
393 3126 424 3193 F,
451 3142 519 3179 corr.
547 3131 570 3178 2.
592 3142 629 3178 m.
708 3121 727 3177 θ
751 3122 827 3193 ήξειν
852 3123 941 3177 Ηετῖί,
964 3121 1004 3174 III
1028 3139 1056 3190 p.
1079 3126 1126 3188 283

103 3197 197 3250 Madv.
216 3197 229 3249 1
251 3214 278 3266 p.
294 3203 355 3251 511.
435 3197 469 3250 11
492 3192 711 3266 περιγινομένων
734 3195 769 3261 F3
796 3194 830 3250 cf.
850 3193 986 3248 Hultzsch
1007 3210 1048 3261 pr.
1063 3192 1126 3247 Ρεε.

103 3286 131 3337 p.
148 3274 189 3359 12.
267 3268 303 3321 15
326 3267 343 3338 ἢ
366 3265 422 3323 ὑπὸ
445 3266 522 3329 τίνος
545 3263 770 3336 ἀναγκαζόμενος
788 3267 818 3321 F.
894 3264 929 3320 18
947 3283 974 3318 τι
995 3281 1048 3319 om.
1067 3263 1126 3386 R}

103 3334 847 3481 ἔῖράλίἀιβιάἀνταέξήμπάξοδιάἰψάοτίἀγίἀίβέίἀμίδοίτῖ,
866 3334 1132 3478 λαῖβΙόνέτίιςωδωοΙΞὰέ

103 3480 173 3606 χωρ’
185 3482 263 3564 ἡμῶν
281 3481 314 3536 X.
352 3482 472 3553 ἀπάγειν
490 3483 520 3536 F.
594 3481 631 3536 25
651 3478 859 3553 Ναβαταίουςχ
872 3475 1066 3545 υορίκδαεῖ,
1078 3485 1157 3520 εω-

121 3570 178 3607 .m.
196 3571 226 3605 m
244 3569 333 3624 marg.
