<?xml version="1.0" encoding="UTF-8"?>
<!DOCTYPE html PUBLIC "-//W3C//DTD XHTML 1.0 Transitional//EN"
    "http://www.w3.org/TR/xhtml1/DTD/xhtml1-transitional.dtd">
<html xmlns="http://www.w3.org/1999/xhtml" xml:lang="en" lang="en">
 <head>
  <title>
</title>
<meta http-equiv="Content-Type" content="text/html;charset=utf-8" />
  <meta name='ocr-system' content='tesseract 3.04.00' />
  <meta name='ocr-capabilities' content='ocr_page ocr_carea ocr_par ocr_line ocrx_word'/>
</head>
<body>
  <div class='ocr_page' id='page_1' title='image "./diodoribiblioth00vogegoog/diodoribiblioth00vogegoog_0263.png"; bbox 0 0 2460 3848; ppageno 0'>
   <div class='ocr_carea' id='block_1_1' title="bbox 132 179 786 251">
    <p class='ocr_par' dir='ltr' id='par_1_1' title="bbox 132 179 786 251">
     <span class='ocr_line' id='line_1_1' title="bbox 132 179 786 251; baseline -0.023 -1"><span class='ocrx_word' id='word_1_1' title='bbox 132 184 197 251; x_wconf 78' lang='lat'><strong><em>238</em></strong></span> <span class='ocrx_word' id='word_1_2' title='bbox 500 179 676 236; x_wconf 85' lang='lat' dir='ltr'><strong>Diodor.XX</strong></span> <span class='ocrx_word' id='word_1_3' title='bbox 689 185 732 236; x_wconf 85' lang='grc'><strong><em>44.</em></strong></span> <span class='ocrx_word' id='word_1_4' title='bbox 743 187 786 235; x_wconf 78' lang='grc'><strong><em>45.</em></strong></span> 
     </span>
    </p>
   </div>
   <div class='ocr_carea' id='block_1_2' title="bbox 96 325 1200 2016">
    <p class='ocr_par' dir='ltr' id='par_1_2' title="bbox 96 325 1156 733">
     <span class='ocr_line' id='line_1_2' title="bbox 96 325 1154 412; baseline -0.003 -19"><span class='ocrx_word' id='word_1_5' title='bbox 96 329 294 411; x_wconf 80' lang='grc' dir='ltr'><strong><em>οεστηκόσι.</em></strong></span> <span class='ocrx_word' id='word_1_6' title='bbox 339 326 432 404; x_wconf 99' lang='grc' dir='ltr'><strong><em>τέλος</em></strong></span> <span class='ocrx_word' id='word_1_7' title='bbox 460 326 498 392; x_wconf 79' lang='grc' dir='ltr'><strong><em>δὲ</em></strong></span> <span class='ocrx_word' id='word_1_8' title='bbox 524 325 679 412; x_wconf 83' lang='grc' dir='ltr'><strong><em>πρέσβεις</em></strong></span> <span class='ocrx_word' id='word_1_9' title='bbox 705 325 893 408; x_wconf 79' lang='grc' dir='ltr'><strong><em>πέμψαντες</em></strong></span> <span class='ocrx_word' id='word_1_10' title='bbox 919 335 987 390; x_wconf 86' lang='grc' dir='ltr'><strong><em>τῶν</em></strong></span> <span class='ocrx_word' id='word_1_11' title='bbox 1009 329 1154 411; x_wconf 90' lang='grc' dir='ltr'><strong><em>πρεσβυ-</em></strong></span> 
     </span>
     <span class='ocr_line' id='line_1_3' title="bbox 131 431 1156 517; baseline -0.001 -18"><span class='ocrx_word' id='word_1_12' title='bbox 131 434 239 499; x_wconf 88' lang='grc' dir='ltr'><strong><em>τάτων</em></strong></span> <span class='ocrx_word' id='word_1_13' title='bbox 274 436 354 511; x_wconf 83' lang='grc' dir='ltr'><strong><em>τοὺς</em></strong></span> <span class='ocrx_word' id='word_1_14' title='bbox 390 432 551 511; x_wconf 78' lang='grc' dir='ltr'><strong><em>εὐθέτους</em></strong></span> <span class='ocrx_word' id='word_1_15' title='bbox 591 433 647 498; x_wconf 82' lang='grc' dir='ltr'><strong><em>καὶ</em></strong></span> <span class='ocrx_word' id='word_1_16' title='bbox 686 443 754 498; x_wconf 89' lang='grc' dir='ltr'><strong><em>τῶν</em></strong></span> <span class='ocrx_word' id='word_1_17' title='bbox 790 431 1003 517; x_wconf 77' lang='grc' dir='ltr'><strong><em>ἐγκλημάτων</em></strong></span> <span class='ocrx_word' id='word_1_18' title='bbox 1040 434 1156 510; x_wconf 90' lang='grc' dir='ltr'><strong><em>δόντες</em></strong></span> 
     </span>
     <span class='ocr_line' id='line_1_4' title="bbox 132 538 1155 626; baseline -0.002 -20"><span class='ocrx_word' id='word_1_19' title='bbox 132 539 254 626; x_wconf 86' lang='grc' dir='ltr'><strong><em>άφεσιν</em></strong></span> <span class='ocrx_word' id='word_1_20' title='bbox 273 541 493 625; x_wconf 77' lang='grc' dir='ltr'><em>διελύθησαν·</em></span> <span class='ocrx_word' id='word_1_21' title='bbox 516 540 571 605; x_wconf 82' lang='grc' dir='ltr'><strong><em>καί</em></strong></span> <span class='ocrx_word' id='word_1_22' title='bbox 594 549 664 617; x_wconf 83' lang='grc' dir='ltr'><strong><em>τοῖς</em></strong></span> <span class='ocrx_word' id='word_1_23' title='bbox 686 540 748 623; x_wconf 78' lang='grc' dir='ltr'><strong><em>μὲν</em></strong></span> <span class='ocrx_word' id='word_1_24' title='bbox 766 541 879 618; x_wconf 88' lang='grc' dir='ltr'><strong><em>άλλοις</em></strong></span> <span class='ocrx_word' id='word_1_25' title='bbox 902 539 1004 605; x_wconf 77' lang='grc' dir='ltr'><strong><em>οὐδὲν</em></strong></span> <span class='ocrx_word' id='word_1_26' title='bbox 1022 538 1155 623; x_wconf 83' lang='grc' dir='ltr'><strong><em>ἐμνησι-</em></strong></span> 
     </span>
     <span class='ocr_line' id='line_1_5' title="bbox 131 647 1154 733; baseline -0.001 -20"><span class='ocrx_word' id='word_1_27' title='bbox 131 648 281 733; x_wconf 91' lang='grc' dir='ltr'><strong><em>κάκησαν</em></strong></span> <span class='ocrx_word' id='word_1_28' title='bbox 308 649 363 713; x_wconf 86' lang='grc' dir='ltr'><strong><em>διά</em></strong></span> <span class='ocrx_word' id='word_1_29' title='bbox 390 650 469 725; x_wconf 87' lang='grc' dir='ltr'><strong><em>τοὺς</em></strong></span> <span class='ocrx_word' id='word_1_30' title='bbox 498 657 719 733; x_wconf 78' lang='grc' dir='ltr'><strong><em>περιεστῶτας</em></strong></span> <span class='ocrx_word' id='word_1_31' title='bbox 747 648 809 731; x_wconf 85' lang='grc' dir='ltr'><strong><em>τήν</em></strong></span> <span class='ocrx_word' id='word_1_32' title='bbox 836 647 935 712; x_wconf 92' lang='grc' dir='ltr'><strong><em>πόλιν</em></strong></span> <span class='ocrx_word' id='word_1_33' title='bbox 962 647 1154 731; x_wconf 77' lang='grc' dir='ltr'><strong><em>κινδύνους,</em></strong></span> 
     </span>
    </p>

    <p class='ocr_par' dir='ltr' id='par_1_3' title="bbox 98 753 1198 1267">
     <span class='ocr_line' id='line_1_6' title="bbox 133 753 1198 840; baseline -0.003 -20"><span class='ocrx_word' id='word_1_34' title='bbox 133 755 237 820; x_wconf 85' lang='grc' dir='ltr'><strong><em>αὐτὸν</em></strong></span> <span class='ocrx_word' id='word_1_35' title='bbox 264 755 303 820; x_wconf 77' lang='grc' dir='ltr'><strong><em>δὲ</em></strong></span> <span class='ocrx_word' id='word_1_36' title='bbox 328 756 389 820; x_wconf 90' lang='grc' dir='ltr'><strong><em>τὸν</em></strong></span> <span class='ocrx_word' id='word_1_37' title='bbox 411 755 604 840; x_wconf 77' lang='grc' dir='ltr'><strong><em>Βορμίλκαν</em></strong></span> <span class='ocrx_word' id='word_1_38' title='bbox 626 753 833 837; x_wconf 83' lang='grc' dir='ltr'><strong><em>αἰκισάμενοι</em></strong></span> <span class='ocrx_word' id='word_1_39' title='bbox 861 755 978 832; x_wconf 77' lang='grc' dir='ltr'><strong><em>δεινῶς</em></strong></span> <span class='ocrx_word' id='word_1_40' title='bbox 1007 761 1067 820; x_wconf 86' lang='grc' dir='ltr'><strong><em>τοῦ</em></strong></span> <span class='ocrx_word' id='word_1_41' title='bbox 1096 757 1155 838; x_wconf 84' lang='grc' dir='ltr'><strong><em>ζήν</em></strong></span> <span class='ocrx_word' id='word_1_42' title='bbox 1186 775 1198 817; x_wconf 86' lang='grc' dir='ltr'><strong><em>ι</em></strong></span> 
     </span>
     <span class='ocr_line' id='line_1_7' title="bbox 132 860 1154 948; baseline 0 -21"><span class='ocrx_word' id='word_1_43' title='bbox 132 860 324 948; x_wconf 85' lang='grc' dir='ltr'><strong><em>ἐστέρησαν,</em></strong></span> <span class='ocrx_word' id='word_1_44' title='bbox 348 861 450 927; x_wconf 79' lang='grc' dir='ltr'><strong><em>οὐδὲν</em></strong></span> <span class='ocrx_word' id='word_1_45' title='bbox 474 862 714 946; x_wconf 83' lang='grc' dir='ltr'><strong><em>φροντίσαντες</em></strong></span> <span class='ocrx_word' id='word_1_46' title='bbox 736 871 804 927; x_wconf 92' lang='grc' dir='ltr'><strong><em>τῶν</em></strong></span> <span class='ocrx_word' id='word_1_47' title='bbox 827 860 1017 944; x_wconf 86' lang='grc' dir='ltr'><strong><em>δεδομένων</em></strong></span> <span class='ocrx_word' id='word_1_48' title='bbox 1036 862 1154 948; x_wconf 82' lang='grc' dir='ltr'><strong><em>ὅρκων.</em></strong></span> 
     </span>
     <span class='ocr_line' id='line_1_8' title="bbox 204 961 1155 1054; baseline -0.001 -20"><span class='ocrx_word' id='word_1_49' title='bbox 204 965 433 1054; x_wconf 79' lang='grc' dir='ltr'><strong><em>Καρχηδόνιοι</em></strong></span> <span class='ocrx_word' id='word_1_50' title='bbox 464 967 526 1051; x_wconf 75' lang='grc' dir='ltr'><strong><em>μὲν</em></strong></span> <span class='ocrx_word' id='word_1_51' title='bbox 557 961 621 1033; x_wconf 86' lang='grc' dir='ltr'><strong><em>οὖν</em></strong></span> <span class='ocrx_word' id='word_1_52' title='bbox 652 967 932 1047; x_wconf 85' lang='grc' dir='ltr'><strong><em>κινδυνεύσαντες</em></strong></span> <span class='ocrx_word' id='word_1_53' title='bbox 963 977 1033 1046; x_wconf 86' lang='grc' dir='ltr'><strong><em>τοῖς</em></strong></span> <span class='ocrx_word' id='word_1_54' title='bbox 1065 969 1155 1045; x_wconf 82' lang='grc' dir='ltr'><strong><em>ὅλοις</em></strong></span> 
     </span>
     <span class='ocr_line' id='line_1_9' title="bbox 133 1073 1154 1163; baseline 0 -23"><span class='ocrx_word' id='word_1_55' title='bbox 133 1080 302 1160; x_wconf 80' lang='grc' dir='ltr'><strong><em>σφαλῆναι</em></strong></span> <span class='ocrx_word' id='word_1_56' title='bbox 323 1084 445 1141; x_wconf 83' lang='grc' dir='ltr'><strong><em>τοῦτον</em></strong></span> <span class='ocrx_word' id='word_1_57' title='bbox 467 1076 529 1140; x_wconf 89' lang='grc' dir='ltr'><strong><em>τὸν</em></strong></span> <span class='ocrx_word' id='word_1_58' title='bbox 550 1075 676 1160; x_wconf 81' lang='grc' dir='ltr'><strong><em>τρόπον</em></strong></span> <span class='ocrx_word' id='word_1_59' title='bbox 699 1073 895 1157; x_wconf 79' lang='grc' dir='ltr'><strong><em>ἐκομίσαντο</em></strong></span> <span class='ocrx_word' id='word_1_60' title='bbox 918 1075 980 1160; x_wconf 85' lang='grc' dir='ltr'><strong><em>τήν</em></strong></span> <span class='ocrx_word' id='word_1_61' title='bbox 997 1076 1154 1163; x_wconf 75' lang='grc' dir='ltr'><strong><em>πατρῴαν</em></strong></span> 
     </span>
     <span class='ocr_line' id='line_1_10' title="bbox 98 1178 1154 1267; baseline -0.001 -19"><span class='ocrx_word' id='word_1_62' title='bbox 98 1199 113 1248; x_wconf 76' lang='lat'><strong><em>‘1</em></strong></span> <span class='ocrx_word' id='word_1_63' title='bbox 132 1184 313 1248; x_wconf 92' lang='grc' dir='ltr'><strong><em>πολιτείαν.</em></strong></span> <span class='ocrx_word' id='word_1_64' title='bbox 345 1179 552 1266; x_wconf 71' lang='grc' dir='ltr'><strong><em>Ἀγαθοκλῆς</em></strong></span> <span class='ocrx_word' id='word_1_65' title='bbox 575 1182 613 1247; x_wconf 77' lang='grc' dir='ltr'><strong><em>δὲ</em></strong></span> <span class='ocrx_word' id='word_1_66' title='bbox 634 1186 736 1246; x_wconf 84' lang='grc' dir='ltr'><strong><em>πλοῖα</em></strong></span> <span class='ocrx_word' id='word_1_67' title='bbox 758 1178 911 1267; x_wconf 76' lang='grc' dir='ltr'><strong><em>φορτηγά</em></strong></span> <span class='ocrx_word' id='word_1_68' title='bbox 928 1183 1065 1265; x_wconf 78' lang='grc' dir='ltr'><strong><em>γεμίσας</em></strong></span> <span class='ocrx_word' id='word_1_69' title='bbox 1087 1192 1154 1247; x_wconf 91' lang='grc' dir='ltr'><strong><em>τῶν</em></strong></span> 
     </span>
    </p>

    <p class='ocr_par' dir='ltr' id='par_1_4' title="bbox 132 1288 1200 1802">
     <span class='ocr_line' id='line_1_11' title="bbox 133 1288 1200 1375; baseline -0.003 -21"><span class='ocrx_word' id='word_1_70' title='bbox 133 1289 295 1375; x_wconf 84' lang='grc' dir='ltr'><strong><em>λαφύρων</em></strong></span> <span class='ocrx_word' id='word_1_71' title='bbox 331 1290 387 1355; x_wconf 82' lang='grc' dir='ltr'><strong><em>καὶ</em></strong></span> <span class='ocrx_word' id='word_1_72' title='bbox 422 1292 502 1366; x_wconf 83' lang='grc' dir='ltr'><strong><em>τοὺς</em></strong></span> <span class='ocrx_word' id='word_1_73' title='bbox 538 1288 721 1374; x_wconf 80' lang='grc' dir='ltr'><strong><em>ἀχρήστους</em></strong></span> <span class='ocrx_word' id='word_1_74' title='bbox 758 1289 805 1365; x_wconf 88' lang='grc' dir='ltr'><strong><em>είς</em></strong></span> <span class='ocrx_word' id='word_1_75' title='bbox 841 1289 987 1372; x_wconf 85' lang='grc' dir='ltr'><strong><em>πόλεμον</em></strong></span> <span class='ocrx_word' id='word_1_76' title='bbox 1018 1299 1087 1354; x_wconf 87' lang='grc' dir='ltr'><strong><em>τῶν</em></strong></span> <span class='ocrx_word' id='word_1_77' title='bbox 1118 1288 1155 1355; x_wconf 91' lang='grc' dir='ltr'><strong><em>ἐκ</em></strong></span> <span class='ocrx_word' id='word_1_78' title='bbox 1173 1312 1200 1352; x_wconf 81' lang='grc' dir='ltr'><strong><em>ιο</em></strong></span> 
     </span>
     <span class='ocr_line' id='line_1_12' title="bbox 133 1391 1155 1482; baseline 0 -20"><span class='ocrx_word' id='word_1_79' title='bbox 133 1400 293 1482; x_wconf 76' lang='grc' dir='ltr'><strong><em>Κυρήνης</em></strong></span> <span class='ocrx_word' id='word_1_80' title='bbox 310 1395 590 1482; x_wconf 89' lang='grc' dir='ltr'><strong><em>παραγενομένων</em></strong></span> <span class='ocrx_word' id='word_1_81' title='bbox 608 1393 789 1478; x_wconf 77' lang='grc' dir='ltr'><strong><em>ἐμβιβάσας</em></strong></span> <span class='ocrx_word' id='word_1_82' title='bbox 808 1391 1001 1461; x_wconf 80' lang='grc' dir='ltr'><strong><em>ἀπέστειλεν</em></strong></span> <span class='ocrx_word' id='word_1_83' title='bbox 1020 1397 1068 1473; x_wconf 85' lang='grc' dir='ltr'><strong><em>είς</em></strong></span> <span class='ocrx_word' id='word_1_84' title='bbox 1085 1401 1155 1462; x_wconf 80' lang='grc' dir='ltr'><strong><em>Συ-</em></strong></span> 
     </span>
     <span class='ocr_line' id='line_1_13' title="bbox 134 1499 1154 1589; baseline -0.001 -21"><span class='ocrx_word' id='word_1_85' title='bbox 134 1503 329 1589; x_wconf 88' lang='grc' dir='ltr'><strong><em>ρακούσσας.</em></strong></span> <span class='ocrx_word' id='word_1_86' title='bbox 367 1503 539 1588; x_wconf 84' lang='grc' dir='ltr'><strong><em>χειμώνων</em></strong></span> <span class='ocrx_word' id='word_1_87' title='bbox 558 1499 588 1567; x_wconf 86' lang='grc' dir='ltr'><strong><em>δ’</em></strong></span> <span class='ocrx_word' id='word_1_88' title='bbox 602 1501 847 1586; x_wconf 77' lang='grc' dir='ltr'><strong><em>ἐπιγενομένων</em></strong></span> <span class='ocrx_word' id='word_1_89' title='bbox 865 1502 886 1568; x_wconf 83' lang='grc' dir='ltr'><strong><em>δ</em></strong></span> <span class='ocrx_word' id='word_1_90' title='bbox 904 1502 966 1585; x_wconf 74' lang='grc' dir='ltr'><strong><em>μὲν</em></strong></span> <span class='ocrx_word' id='word_1_91' title='bbox 985 1503 1154 1589; x_wconf 78' lang='grc' dir='ltr'><strong><em>διεφθάρη</em></strong></span> 
     </span>
     <span class='ocr_line' id='line_1_14' title="bbox 132 1604 1155 1695; baseline -0.001 -20"><span class='ocrx_word' id='word_1_92' title='bbox 132 1622 200 1676; x_wconf 89' lang='grc' dir='ltr'><strong><em>τῶν</em></strong></span> <span class='ocrx_word' id='word_1_93' title='bbox 218 1611 356 1693; x_wconf 87' lang='grc' dir='ltr'><strong><em>πλοίων,</em></strong></span> <span class='ocrx_word' id='word_1_94' title='bbox 379 1608 400 1674; x_wconf 81' lang='grc' dir='ltr'><strong><em>ά</em></strong></span> <span class='ocrx_word' id='word_1_95' title='bbox 423 1604 454 1673; x_wconf 83' lang='grc' dir='ltr'><strong><em>δ’</em></strong></span> <span class='ocrx_word' id='word_1_96' title='bbox 472 1606 603 1686; x_wconf 81' lang='grc' dir='ltr'><strong><em>ἐξέπεσε</em></strong></span> <span class='ocrx_word' id='word_1_97' title='bbox 621 1610 705 1695; x_wconf 87' lang='grc' dir='ltr'><strong><em>πρὸς</em></strong></span> <span class='ocrx_word' id='word_1_98' title='bbox 722 1610 781 1686; x_wconf 86' lang='grc' dir='ltr'><strong><em>τὰς</em></strong></span> <span class='ocrx_word' id='word_1_99' title='bbox 797 1609 868 1675; x_wconf 94' lang='grc' dir='ltr'><strong><em>κατ’</em></strong></span> <span class='ocrx_word' id='word_1_100' title='bbox 887 1611 1029 1674; x_wconf 91' lang='grc' dir='ltr'><strong><em>Ἰταλίαν</em></strong></span> <span class='ocrx_word' id='word_1_101' title='bbox 1043 1613 1155 1694; x_wconf 86' lang='grc' dir='ltr'><strong><em>Πιθη-</em></strong></span> 
     </span>
     <span class='ocr_line' id='line_1_15' title="bbox 132 1714 1154 1802; baseline -0.002 -20"><span class='ocrx_word' id='word_1_102' title='bbox 132 1718 277 1794; x_wconf 87' lang='grc' dir='ltr'><strong><em>κούσσας</em></strong></span> <span class='ocrx_word' id='word_1_103' title='bbox 292 1719 432 1801; x_wconf 80' lang='grc' dir='ltr'><strong><em>νήσους,</em></strong></span> <span class='ocrx_word' id='word_1_104' title='bbox 448 1714 544 1800; x_wconf 83' lang='grc' dir='ltr'><strong><em>ὀλίγα</em></strong></span> <span class='ocrx_word' id='word_1_105' title='bbox 561 1715 592 1781; x_wconf 93' lang='grc' dir='ltr'><strong><em>δ’</em></strong></span> <span class='ocrx_word' id='word_1_106' title='bbox 604 1717 652 1793; x_wconf 88' lang='grc' dir='ltr'><strong><em>είς</em></strong></span> <span class='ocrx_word' id='word_1_107' title='bbox 667 1718 726 1794; x_wconf 87' lang='grc' dir='ltr'><strong><em>τάς</em></strong></span> <span class='ocrx_word' id='word_1_108' title='bbox 740 1715 982 1802; x_wconf 83' lang='grc' dir='ltr'><strong><em>Συρακούσσας</em></strong></span> <span class='ocrx_word' id='word_1_109' title='bbox 997 1716 1154 1800; x_wconf 82' lang='grc' dir='ltr'><strong><em>διεσώθη.</em></strong></span> 
     </span>
    </p>

    <p class='ocr_par' dir='ltr' id='par_1_5' title="bbox 97 1820 1199 2016">
     <span class='ocr_line' id='line_1_16' title="bbox 97 1820 1199 1909; baseline -0.001 -21"><span class='ocrx_word' id='word_1_110' title='bbox 97 1839 114 1888; x_wconf 83' lang='grc'>8</span> <span class='ocrx_word' id='word_1_111' title='bbox 204 1825 300 1890; x_wconf 89' lang='grc' dir='ltr'><strong><em>Κατδι</em></strong></span> <span class='ocrx_word' id='word_1_112' title='bbox 332 1823 370 1889; x_wconf 79' lang='grc' dir='ltr'><strong><em>δὲ</em></strong></span> <span class='ocrx_word' id='word_1_113' title='bbox 400 1824 462 1909; x_wconf 85' lang='grc' dir='ltr'><strong><em>τήν</em></strong></span> <span class='ocrx_word' id='word_1_114' title='bbox 490 1820 634 1889; x_wconf 89' lang='grc' dir='ltr'><strong><em>Ἰταλίαν</em></strong></span> <span class='ocrx_word' id='word_1_115' title='bbox 667 1824 700 1889; x_wconf 81' lang='grc' dir='ltr'><strong><em>ολ</em></strong></span> <span class='ocrx_word' id='word_1_116' title='bbox 730 1833 798 1888; x_wconf 92' lang='grc' dir='ltr'><strong><em>τῶν</em></strong></span> <span class='ocrx_word' id='word_1_117' title='bbox 826 1821 992 1905; x_wconf 88' lang='grc' dir='ltr'><strong><em>Ῥωμαίων</em></strong></span> <span class='ocrx_word' id='word_1_118' title='bbox 1023 1822 1155 1907; x_wconf 86' lang='grc' dir='ltr'><strong><em>ύπατοι,</em></strong></span> <span class='ocrx_word' id='word_1_119' title='bbox 1174 1845 1199 1886; x_wconf 83' lang='grc' dir='ltr'><strong><em>ιε</em></strong></span> 
     </span>
     <span class='ocr_line' id='line_1_17' title="bbox 132 1930 1155 2016; baseline -0.001 -21"><span class='ocrx_word' id='word_1_120' title='bbox 132 1935 288 2016; x_wconf 83' lang='grc' dir='ltr'><strong><em>Μαρσοῖς</em></strong></span> <span class='ocrx_word' id='word_1_121' title='bbox 317 1930 578 2013; x_wconf 88' lang='grc' dir='ltr'><strong><em>πολεμουμένοις</em></strong></span> <span class='ocrx_word' id='word_1_122' title='bbox 606 1931 673 1996; x_wconf 84' lang='grc' dir='ltr'><strong><em>ὑπὸ</em></strong></span> <span class='ocrx_word' id='word_1_123' title='bbox 702 1935 882 2012; x_wconf 81' lang='grc' dir='ltr'><strong><em>Σαμνιτῶν</em></strong></span> <span class='ocrx_word' id='word_1_124' title='bbox 914 1933 1155 2015; x_wconf 82' lang='grc' dir='ltr'><strong><em>βοηθήσαντες,</em></strong></span> 
     </span>
    </p>
   </div>
   <div class='ocr_carea' id='block_1_3' title="bbox 99 2037 1201 2657">
    <p class='ocr_par' dir='ltr' id='par_1_6' title="bbox 99 2037 1201 2657">
     <span class='ocr_line' id='line_1_18' title="bbox 132 2037 1156 2128; baseline 0.003 -27"><span class='ocrx_word' id='word_1_125' title='bbox 132 2046 173 2123; x_wconf 84' lang='grc' dir='ltr'><strong><em>τή</em></strong></span> <span class='ocrx_word' id='word_1_126' title='bbox 202 2061 238 2103; x_wconf 88' lang='grc' dir='ltr'><strong><em>τε</em></strong></span> <span class='ocrx_word' id='word_1_127' title='bbox 267 2037 353 2128; x_wconf 86' lang='grc' dir='ltr'><strong><em>μάχη</em></strong></span> <span class='ocrx_word' id='word_1_128' title='bbox 383 2037 608 2124; x_wconf 87' lang='grc' dir='ltr'><strong><em>προετέρησαν</em></strong></span> <span class='ocrx_word' id='word_1_129' title='bbox 637 2037 693 2102; x_wconf 85' lang='grc' dir='ltr'><strong><em>καί</em></strong></span> <span class='ocrx_word' id='word_1_130' title='bbox 721 2040 867 2122; x_wconf 88' lang='grc' dir='ltr'><strong><em>συχνοὺς</em></strong></span> <span class='ocrx_word' id='word_1_131' title='bbox 893 2048 961 2102; x_wconf 89' lang='grc' dir='ltr'><strong><em>τῶν</em></strong></span> <span class='ocrx_word' id='word_1_132' title='bbox 988 2039 1156 2119; x_wconf 93' lang='grc' dir='ltr'><strong><em>πολεμίων</em></strong></span> 
     </span>
     <span class='ocr_line' id='line_1_19' title="bbox 99 2138 1156 2230; baseline 0.001 -22"><span class='ocrx_word' id='word_1_133' title='bbox 99 2142 275 2210; x_wconf 73' lang='grc' dir='ltr'><strong><em>θάνείλον.</em></strong></span> <span class='ocrx_word' id='word_1_134' title='bbox 331 2138 401 2211; x_wconf 79' lang='grc' dir='ltr'><strong><em>εἶτα</em></strong></span> <span class='ocrx_word' id='word_1_135' title='bbox 435 2146 491 2210; x_wconf 86' lang='grc' dir='ltr'><strong><em>διά</em></strong></span> <span class='ocrx_word' id='word_1_136' title='bbox 523 2153 580 2228; x_wconf 88' lang='grc' dir='ltr'><strong><em>τής</em></strong></span> <span class='ocrx_word' id='word_1_137' title='bbox 608 2143 792 2230; x_wconf 88' lang='grc' dir='ltr'><strong><em>Ὀμβρίκων</em></strong></span> <span class='ocrx_word' id='word_1_138' title='bbox 822 2143 932 2230; x_wconf 82' lang='grc' dir='ltr'><strong><em>χώρας</em></strong></span> <span class='ocrx_word' id='word_1_139' title='bbox 964 2144 1156 2221; x_wconf 76' lang='grc' dir='ltr'><strong><em>διελθόντες</em></strong></span> 
     </span>
     <span class='ocr_line' id='line_1_20' title="bbox 133 2245 1155 2337; baseline 0.001 -22"><span class='ocrx_word' id='word_1_140' title='bbox 133 2248 291 2336; x_wconf 85' lang='grc' dir='ltr'><strong><em>ἐνέβαλον</em></strong></span> <span class='ocrx_word' id='word_1_141' title='bbox 321 2254 368 2329; x_wconf 88' lang='grc' dir='ltr'><strong><em>είς</em></strong></span> <span class='ocrx_word' id='word_1_142' title='bbox 396 2252 459 2335; x_wconf 87' lang='grc' dir='ltr'><strong><em>τήν</em></strong></span> <span class='ocrx_word' id='word_1_143' title='bbox 486 2251 677 2337; x_wconf 71' lang='grc' dir='ltr'><strong><em>Τυρρηνίαν</em></strong></span> <span class='ocrx_word' id='word_1_144' title='bbox 706 2252 868 2333; x_wconf 88' lang='grc' dir='ltr'><strong><em>πολεμίαν</em></strong></span> <span class='ocrx_word' id='word_1_145' title='bbox 897 2245 1003 2316; x_wconf 84' lang='grc' dir='ltr'><strong><em>οὖσαν</em></strong></span> <span class='ocrx_word' id='word_1_146' title='bbox 1032 2251 1088 2316; x_wconf 84' lang='grc' dir='ltr'><strong><em>καί</em></strong></span> <span class='ocrx_word' id='word_1_147' title='bbox 1117 2252 1155 2316; x_wconf 88' lang='grc' dir='ltr'><strong><em>τὸ</em></strong></span> 
     </span>
     <span class='ocr_line' id='line_1_21' title="bbox 133 2355 1201 2444; baseline -0.003 -21"><span class='ocrx_word' id='word_1_148' title='bbox 133 2358 341 2441; x_wconf 85' lang='grc' dir='ltr'><strong><em>καλούμενον</em></strong></span> <span class='ocrx_word' id='word_1_149' title='bbox 372 2358 516 2444; x_wconf 89' lang='grc' dir='ltr'><strong><em>Κάιριον</em></strong></span> <span class='ocrx_word' id='word_1_150' title='bbox 548 2358 715 2443; x_wconf 91' lang='grc' dir='ltr'><strong><em>φρούριον</em></strong></span> <span class='ocrx_word' id='word_1_151' title='bbox 747 2355 1033 2444; x_wconf 83' lang='grc' dir='ltr'><strong><em>ἐξεπολιόρκησαν.</em></strong></span> <span class='ocrx_word' id='word_1_152' title='bbox 1084 2359 1156 2422; x_wconf 86' lang='grc' dir='ltr'><strong><em>δια·</em></strong></span> <span class='ocrx_word' id='word_1_153' title='bbox 1174 2380 1201 2420; x_wconf 85' lang='grc' dir='ltr'><strong><em>εο</em></strong></span> 
     </span>
     <span class='ocr_line' id='line_1_22' title="bbox 133 2461 1157 2551; baseline 0.002 -23"><span class='ocrx_word' id='word_1_154' title='bbox 133 2464 410 2549; x_wconf 78' lang='grc' dir='ltr'><strong><em>πρεσβευομένων</em></strong></span> <span class='ocrx_word' id='word_1_155' title='bbox 438 2464 475 2530; x_wconf 79' lang='grc' dir='ltr'><strong><em>δὲ</em></strong></span> <span class='ocrx_word' id='word_1_156' title='bbox 502 2475 570 2529; x_wconf 90' lang='grc' dir='ltr'><strong><em>τῶν</em></strong></span> <span class='ocrx_word' id='word_1_157' title='bbox 597 2463 767 2550; x_wconf 93' lang='grc' dir='ltr'><strong><em>ἐγχωρίων</em></strong></span> <span class='ocrx_word' id='word_1_158' title='bbox 795 2464 880 2550; x_wconf 80' lang='grc' dir='ltr'><strong><em>ὑπὲρ</em></strong></span> <span class='ocrx_word' id='word_1_159' title='bbox 911 2461 1043 2549; x_wconf 90' lang='grc' dir='ltr'><strong><em>άνοχῶν</em></strong></span> <span class='ocrx_word' id='word_1_160' title='bbox 1072 2466 1157 2551; x_wconf 90' lang='grc' dir='ltr'><strong><em>πρὸς</em></strong></span> 
     </span>
     <span class='ocr_line' id='line_1_23' title="bbox 133 2568 1157 2657; baseline 0.001 -20"><span class='ocrx_word' id='word_1_161' title='bbox 133 2571 195 2654; x_wconf 79' lang='grc' dir='ltr'><strong><em>μὲν</em></strong></span> <span class='ocrx_word' id='word_1_162' title='bbox 223 2574 448 2657; x_wconf 87' lang='grc' dir='ltr'><strong><em>Ταρκυνιήτας</em></strong></span> <span class='ocrx_word' id='word_1_163' title='bbox 472 2572 518 2655; x_wconf 87' lang='grc' dir='ltr'><strong><em>είς</em></strong></span> <span class='ocrx_word' id='word_1_164' title='bbox 542 2568 597 2655; x_wconf 82' lang='grc' dir='ltr'><strong><em>ἔτη</em></strong></span> <span class='ocrx_word' id='word_1_165' title='bbox 620 2571 881 2657; x_wconf 86' lang='grc' dir='ltr'><strong><em>τεσσαράκοντα,</em></strong></span> <span class='ocrx_word' id='word_1_166' title='bbox 910 2574 994 2654; x_wconf 89' lang='grc' dir='ltr'><strong><em>πρὸς</em></strong></span> <span class='ocrx_word' id='word_1_167' title='bbox 1017 2571 1055 2638; x_wconf 79' lang='grc' dir='ltr'><strong><em>δέ</em></strong></span> <span class='ocrx_word' id='word_1_168' title='bbox 1077 2575 1157 2650; x_wconf 85' lang='grc' dir='ltr'><strong><em>τοὺς</em></strong></span> 
     </span>
    </p>
   </div>
   <div class='ocr_carea' id='block_1_4' title="bbox 91 2761 1158 3632">
    <p class='ocr_par' dir='ltr' id='par_1_7' title="bbox 91 2761 1158 3632">
     <span class='ocr_line' id='line_1_24' title="bbox 205 2761 1155 2838; baseline 0 -19"><span class='ocrx_word' id='word_1_169' title='bbox 205 2765 273 2819; x_wconf 81' lang='grc' dir='ltr'><strong><em>4τ”</em></strong></span> <span class='ocrx_word' id='word_1_170' title='bbox 292 2761 372 2819; x_wconf 85' lang='grc' dir='ltr'><strong><em>πόλει</em></strong></span> <span class='ocrx_word' id='word_1_171' title='bbox 389 2765 419 2819; x_wconf 75' lang='lat' dir='ltr'><strong><em>F.</em></strong></span> <span class='ocrx_word' id='word_1_172' title='bbox 478 2765 615 2828; x_wconf 71' lang='grc' dir='ltr'><strong><em>ὅδεινῶς</em></strong></span> <span class='ocrx_word' id='word_1_173' title='bbox 632 2764 809 2835; x_wconf 82' lang='grc' dir='ltr'><strong><em>αἰκισάμενοι</em></strong></span> <span class='ocrx_word' id='word_1_174' title='bbox 826 2765 856 2818; x_wconf 86' lang='lat' dir='ltr'><strong><em>F.</em></strong></span> <span class='ocrx_word' id='word_1_175' title='bbox 916 2764 1002 2834; x_wconf 82' lang='grc' dir='ltr'><strong><em>8τήν</em></strong></span> <span class='ocrx_word' id='word_1_176' title='bbox 1020 2761 1155 2838; x_wconf 81' lang='grc' dir='ltr'><strong><em>πατρῴαν</em></strong></span> 
     </span>
     <span class='ocr_line' id='line_1_25' title="bbox 134 2835 1155 2906; baseline -0.002 -15"><span class='ocrx_word' id='word_1_177' title='bbox 134 2856 162 2891; x_wconf 87' lang='grc' dir='ltr'><strong><em>π.</em></strong></span> <span class='ocrx_word' id='word_1_178' title='bbox 195 2835 229 2891; x_wconf 79' lang='grc' dir='ltr'><strong><em>ολ</em></strong></span> <span class='ocrx_word' id='word_1_179' title='bbox 317 2842 361 2903; x_wconf 79' lang='grc'><strong><em>46,</em></strong></span> <span class='ocrx_word' id='word_1_180' title='bbox 376 2841 400 2892; x_wconf 82' lang='grc'><strong><em>3.</em></strong></span> <span class='ocrx_word' id='word_1_181' title='bbox 474 2836 511 2891; x_wconf 77' lang='grc'><strong><em>13</em></strong></span> <span class='ocrx_word' id='word_1_182' title='bbox 527 2837 754 2906; x_wconf 69' lang='grc' dir='ltr'><strong><em>Πιθηκούσαςδ</em></strong></span> <span class='ocrx_word' id='word_1_183' title='bbox 775 2837 821 2906; x_wconf 79' lang='lat' dir='ltr'><strong>(ef.</strong></span> <span class='ocrx_word' id='word_1_184' title='bbox 840 2835 892 2889; x_wconf 90' lang='lat' dir='ltr'><strong><em>XX</em></strong></span> <span class='ocrx_word' id='word_1_185' title='bbox 910 2841 953 2903; x_wconf 83' lang='lat'><strong><em>58,</em></strong></span> <span class='ocrx_word' id='word_1_186' title='bbox 969 2839 1008 2905; x_wconf 78' lang='lat'><strong><em>3);</em></strong></span> <span class='ocrx_word' id='word_1_187' title='bbox 1029 2837 1063 2891; x_wconf 86' lang='lat' dir='ltr'><strong><em>cf.</em></strong></span> <span class='ocrx_word' id='word_1_188' title='bbox 1083 2836 1155 2890; x_wconf 78' lang='lat' dir='ltr'><strong>Ptol.</strong></span> 
     </span>
     <span class='ocr_line' id='line_1_26' title="bbox 191 2905 1157 2993; baseline 0 -31"><span class='ocrx_word' id='word_1_189' title='bbox 191 2915 215 2993; x_wconf 71' lang='lat' dir='ltr'><strong><em>i,</em></strong></span> <span class='ocrx_word' id='word_1_190' title='bbox 230 2913 272 2962; x_wconf 83' lang='grc'><strong><em>69.</em></strong></span> <span class='ocrx_word' id='word_1_191' title='bbox 314 2979 320 2992; x_wconf 90' lang='lat'><strong>.</strong></span> <span class='ocrx_word' id='word_1_192' title='bbox 346 2907 440 2963; x_wconf 73' lang='grc'><strong>15.16</strong></span> <span class='ocrx_word' id='word_1_193' title='bbox 462 2908 490 2963; x_wconf 82' lang='grc' dir='ltr'><strong><em>οἱ</em></strong></span> <span class='ocrx_word' id='word_1_194' title='bbox 511 2917 567 2963; x_wconf 89' lang='grc' dir='ltr'><strong><em>τῶν</em></strong></span> <span class='ocrx_word' id='word_1_195' title='bbox 587 2905 730 2992; x_wconf 61' lang='grc' dir='ltr'><strong><em>Ῥωμαίων</em></strong></span> <span class='ocrx_word' id='word_1_196' title='bbox 752 2906 856 2962; x_wconf 87' lang='grc' dir='ltr'><strong><em>ύπατοι</em></strong></span> <span class='ocrx_word' id='word_1_197' title='bbox 878 2909 944 2962; x_wconf 76' lang='grc' dir='ltr'><strong><em>ουλε</em></strong></span> <span class='ocrx_word' id='word_1_198' title='bbox 963 2907 1157 2979; x_wconf 83' lang='grc' dir='ltr'><strong><em>βοηθήσαντες</em></strong></span> 
     </span>
     <span class='ocr_line' id='line_1_27' title="bbox 132 2978 1157 3122; baseline -0.002 -16"><span class='ocrx_word' id='word_1_199' title='bbox 132 2978 1157 3122; x_wconf 40' lang='lat' dir='ltr'><strong><em>{2323vissssffw&#39;fgigffssiffiffffilgff§sspffigffl„oiim</em></strong></span> 
     </span>
     <span class='ocr_line' id='line_1_28' title="bbox 134 3120 1157 3193; baseline -0.003 -16"><span class='ocrx_word' id='word_1_200' title='bbox 134 3123 252 3178; x_wconf 83' lang='lat' dir='ltr'>Mueller</span> <span class='ocrx_word' id='word_1_201' title='bbox 279 3124 317 3177; x_wconf 78' lang='lat' dir='ltr'><strong><em>ad</em></strong></span> <span class='ocrx_word' id='word_1_202' title='bbox 344 3123 416 3178; x_wconf 78' lang='lat' dir='ltr'><strong>Ptol.</strong></span> <span class='ocrx_word' id='word_1_203' title='bbox 440 3122 479 3176; x_wconf 94' lang='lat' dir='ltr'><strong><em>lII</em></strong></span> <span class='ocrx_word' id='word_1_204' title='bbox 506 3128 529 3188; x_wconf 74' lang='lat'><strong><em>1,</em></strong></span> <span class='ocrx_word' id='word_1_205' title='bbox 547 3124 593 3191; x_wconf 81' lang='lat'><strong><em>46)</em></strong></span> <span class='ocrx_word' id='word_1_206' title='bbox 617 3120 765 3193; x_wconf 88' lang='grc' dir='ltr'><strong><em>Ἰμβρικῶν</em></strong></span> <span class='ocrx_word' id='word_1_207' title='bbox 788 3122 818 3177; x_wconf 85' lang='lat' dir='ltr'><strong><em>F.</em></strong></span> <span class='ocrx_word' id='word_1_208' title='bbox 898 3121 935 3176; x_wconf 76' lang='lat'><strong><em>20</em></strong></span> <span class='ocrx_word' id='word_1_209' title='bbox 959 3120 1080 3190; x_wconf 84' lang='grc' dir='ltr'><strong><em>Καλριον</em></strong></span> <span class='ocrx_word' id='word_1_210' title='bbox 1105 3120 1157 3174; x_wconf 87' lang='lat' dir='ltr'><strong><em>RX</em></strong></span> 
     </span>
     <span class='ocr_line' id='line_1_29' title="bbox 134 3192 1157 3264; baseline -0.002 -15"><span class='ocrx_word' id='word_1_211' title='bbox 134 3194 264 3263; x_wconf 86' lang='grc' dir='ltr'><strong><em>Κάπριον</em></strong></span> <span class='ocrx_word' id='word_1_212' title='bbox 283 3195 317 3262; x_wconf 80' lang='lat' dir='ltr'><strong><em>F3</em></strong></span> <span class='ocrx_word' id='word_1_213' title='bbox 343 3195 401 3264; x_wconf 80' lang='lat' dir='ltr'><strong>ign.</strong></span> <span class='ocrx_word' id='word_1_214' title='bbox 428 3193 473 3263; x_wconf 82' lang='lat' dir='ltr'>(of.</span> <span class='ocrx_word' id='word_1_215' title='bbox 497 3192 697 3249; x_wconf 82' lang='lat' dir='ltr'><strong>Binneboessel</strong></span> <span class='ocrx_word' id='word_1_216' title='bbox 719 3211 746 3262; x_wconf 92' lang='lat' dir='ltr'><strong><em>p.</em></strong></span> <span class='ocrx_word' id='word_1_217' title='bbox 762 3198 810 3260; x_wconf 80' lang='lat'><strong><em>843</em></strong></span> <span class='ocrx_word' id='word_1_218' title='bbox 832 3193 911 3248; x_wconf 88' lang='lat' dir='ltr'><strong>Pirro</strong></span> <span class='ocrx_word' id='word_1_219' title='bbox 930 3192 969 3246; x_wconf 90' lang='lat'><strong><em>111</em></strong></span> <span class='ocrx_word' id='word_1_220' title='bbox 987 3211 1014 3261; x_wconf 87' lang='lat' dir='ltr'><strong><em>p.</em></strong></span> <span class='ocrx_word' id='word_1_221' title='bbox 1030 3197 1076 3254; x_wconf 73' lang='lat'><strong><em>54)</em></strong></span> <span class='ocrx_word' id='word_1_222' title='bbox 1100 3193 1157 3247; x_wconf 73' lang='lat' dir='ltr'><strong>nisi</strong></span> 
     </span>
     <span class='ocr_line' id='line_1_30' title="bbox 135 3263 1156 3335; baseline -0.003 -15"><span class='ocrx_word' id='word_1_223' title='bbox 135 3267 210 3335; x_wconf 89' lang='lat' dir='ltr'><strong>quod</strong></span> <span class='ocrx_word' id='word_1_224' title='bbox 232 3266 452 3322; x_wconf 77' lang='lat' dir='ltr'><strong>Volsiniensium</strong></span> <span class='ocrx_word' id='word_1_225' title='bbox 479 3265 626 3320; x_wconf 74' lang='lat' dir='ltr'><strong>castellum</strong></span> <span class='ocrx_word' id='word_1_226' title='bbox 651 3264 739 3320; x_wconf 76' lang='lat' dir='ltr'><strong>fuisse</strong></span> <span class='ocrx_word' id='word_1_227' title='bbox 760 3265 873 3321; x_wconf 75' lang='lat' dir='ltr'><strong>videtur</strong></span> <span class='ocrx_word' id='word_1_228' title='bbox 896 3265 942 3333; x_wconf 78' lang='lat' dir='ltr'>(of.</span> <span class='ocrx_word' id='word_1_229' title='bbox 963 3264 1020 3318; x_wconf 84' lang='lat' dir='ltr'><strong>Liv.</strong></span> <span class='ocrx_word' id='word_1_230' title='bbox 1040 3263 1079 3317; x_wconf 85' lang='lat' dir='ltr'><strong><em>IX</em></strong></span> <span class='ocrx_word' id='word_1_231' title='bbox 1097 3266 1156 3333; x_wconf 78' lang='lat'>41);</span> 
     </span>
     <span class='ocr_line' id='line_1_31' title="bbox 135 3335 1157 3406; baseline 0 -16"><span class='ocrx_word' id='word_1_232' title='bbox 135 3338 218 3392; x_wconf 74' lang='lat' dir='ltr'><strong>aliter</strong></span> <span class='ocrx_word' id='word_1_233' title='bbox 236 3338 349 3392; x_wconf 82' lang='lat' dir='ltr'><strong>Klimke</strong></span> <span class='ocrx_word' id='word_1_234' title='bbox 366 3355 394 3406; x_wconf 87' lang='lat' dir='ltr'><strong><em>p.</em></strong></span> <span class='ocrx_word' id='word_1_235' title='bbox 411 3343 452 3391; x_wconf 78' lang='lat'><strong><em>15.</em></strong></span> <span class='ocrx_word' id='word_1_236' title='bbox 518 3336 554 3391; x_wconf 72' lang='lat'><strong><em>22</em></strong></span> <span class='ocrx_word' id='word_1_237' title='bbox 570 3337 799 3406; x_wconf 68' lang='grc' dir='ltr'><strong><em>Ταρκυνιήταςδ</em></strong></span> <span class='ocrx_word' id='word_1_238' title='bbox 819 3335 863 3405; x_wconf 79' lang='lat' dir='ltr'><strong>(cf.</strong></span> <span class='ocrx_word' id='word_1_239' title='bbox 878 3335 960 3390; x_wconf 90' lang='lat' dir='ltr'><strong>Dion.</strong></span> <span class='ocrx_word' id='word_1_240' title='bbox 975 3335 1038 3388; x_wconf 72' lang='lat' dir='ltr'>Hal.</span> <span class='ocrx_word' id='word_1_241' title='bbox 1053 3335 1093 3389; x_wconf 83' lang='lat' dir='ltr'><strong><em>IV</em></strong></span> <span class='ocrx_word' id='word_1_242' title='bbox 1108 3342 1157 3403; x_wconf 77' lang='lat'><strong><em>273</em></strong></span> 
     </span>
     <span class='ocr_line' id='line_1_32' title="bbox 130 3404 1156 3479; baseline 0 -20"><span class='ocrx_word' id='word_1_243' title='bbox 130 3409 193 3475; x_wconf 60' lang='grc' dir='ltr'><strong><em>Κῶς</em></strong></span> <span class='ocrx_word' id='word_1_244' title='bbox 204 3408 251 3461; x_wconf 87' lang='lat' dir='ltr'><strong><em>XI</em></strong></span> <span class='ocrx_word' id='word_1_245' title='bbox 252 3408 278 3461; x_wconf 93' lang='lat' dir='ltr'><strong><em>V</em></strong></span> <span class='ocrx_word' id='word_1_246' title='bbox 283 3412 344 3478; x_wconf 73' lang='lat'><strong><em>64);</em></strong></span> <span class='ocrx_word' id='word_1_247' title='bbox 357 3406 553 3479; x_wconf 84' lang='grc' dir='ltr'><strong><em>Ταρκνηνίτας</em></strong></span> <span class='ocrx_word' id='word_1_248' title='bbox 561 3409 587 3462; x_wconf 89' lang='lat' dir='ltr'><strong>R</strong></span> <span class='ocrx_word' id='word_1_249' title='bbox 598 3406 757 3476; x_wconf 85' lang='grc' dir='ltr'><strong><em>Ταρηνίτας</em></strong></span> <span class='ocrx_word' id='word_1_250' title='bbox 765 3407 803 3474; x_wconf 78' lang='grc' dir='ltr'><strong><em>Χ;</em></strong></span> <span class='ocrx_word' id='word_1_251' title='bbox 817 3404 1047 3474; x_wconf 70' lang='grc' dir='ltr'><strong><em>’Ταρκυϊνίταςθ’</em></strong></span> <span class='ocrx_word' id='word_1_252' title='bbox 1057 3406 1156 3474; x_wconf 84' lang='lat' dir='ltr'><strong>Dind.;</strong></span> 
     </span>
     <span class='ocr_line' id='line_1_33' title="bbox 107 3476 1158 3552; baseline 0.005 -24"><span class='ocrx_word' id='word_1_253' title='bbox 107 3477 160 3539; x_wconf 72' lang='lat' dir='ltr'><strong><em>(ef.</em></strong></span> <span class='ocrx_word' id='word_1_254' title='bbox 176 3477 254 3534; x_wconf 87' lang='lat' dir='ltr'><strong><em>XVI</em></strong></span> <span class='ocrx_word' id='word_1_255' title='bbox 267 3485 313 3549; x_wconf 76' lang='lat'><strong><em>46,</em></strong></span> <span class='ocrx_word' id='word_1_256' title='bbox 330 3487 361 3551; x_wconf 83' lang='grc'><strong><em>8,·</em></strong></span> <span class='ocrx_word' id='word_1_257' title='bbox 384 3481 535 3539; x_wconf 76' lang='lat' dir='ltr'><strong>Bormann</strong></span> <span class='ocrx_word' id='word_1_258' title='bbox 554 3479 596 3538; x_wconf 81' lang='lat' dir='ltr'><strong><em>CJ</em></strong></span> <span class='ocrx_word' id='word_1_259' title='bbox 601 3481 625 3537; x_wconf 82' lang='lat' dir='ltr'>L</span> <span class='ocrx_word' id='word_1_260' title='bbox 639 3479 682 3537; x_wconf 71' lang='lat' dir='ltr'><strong><em>xi</em></strong></span> <span class='ocrx_word' id='word_1_261' title='bbox 696 3497 726 3552; x_wconf 76' lang='lat' dir='ltr'><strong><em>p.</em></strong></span> <span class='ocrx_word' id='word_1_262' title='bbox 739 3484 807 3548; x_wconf 66' lang='lat' dir='ltr'><strong><em>bin,</em></strong></span> <span class='ocrx_word' id='word_1_263' title='bbox 825 3476 945 3532; x_wconf 78' lang='lat' dir='ltr'>Mueller</span> <span class='ocrx_word' id='word_1_264' title='bbox 966 3478 1004 3532; x_wconf 78' lang='lat' dir='ltr'><strong><em>ad</em></strong></span> <span class='ocrx_word' id='word_1_265' title='bbox 1026 3477 1098 3533; x_wconf 79' lang='lat' dir='ltr'>Ptol.</span> <span class='ocrx_word' id='word_1_266' title='bbox 1118 3477 1158 3533; x_wconf 93' lang='lat' dir='ltr'><strong><em>III</em></strong></span> 
     </span>
     <span class='ocr_line' id='line_1_34' title="bbox 91 3548 974 3632; baseline -0.007 -25"><span class='ocrx_word' id='word_1_267' title='bbox 91 3548 119 3607; x_wconf 61' lang='lat'><strong><em>1,</em></strong></span> <span class='ocrx_word' id='word_1_268' title='bbox 138 3552 192 3614; x_wconf 71' lang='lat'><strong><em>435</em></strong></span> <span class='ocrx_word' id='word_1_269' title='bbox 211 3549 326 3610; x_wconf 76' lang='lat' dir='ltr'><strong>Nissen</strong></span> <span class='ocrx_word' id='word_1_270' title='bbox 344 3555 381 3612; x_wconf 71' lang='lat' dir='ltr'><strong><em>It.</em></strong></span> <span class='ocrx_word' id='word_1_271' title='bbox 403 3557 481 3617; x_wconf 80' lang='lat' dir='ltr'><strong>Ldk.</strong></span> <span class='ocrx_word' id='word_1_272' title='bbox 503 3557 581 3632; x_wconf 81' lang='lat' dir='ltr'><strong><em>Hp.</em></strong></span> <span class='ocrx_word' id='word_1_273' title='bbox 596 3559 674 3629; x_wconf 70' lang='lat'>380).</span> <span class='ocrx_word' id='word_1_274' title='bbox 717 3549 974 3622; x_wconf 60' lang='grc' dir='ltr'><strong><em>τετταράκονταλδ.</em></strong></span> 
     </span>
    </p>
   </div>
   <div class='ocr_carea' id='block_1_5' title="bbox 0 0 1238 3848">
    <p class='ocr_par' dir='ltr' id='par_1_8' title="bbox 0 0 1238 3848">
     <span class='ocr_line' id='line_1_35' title="bbox 0 0 1238 3848; baseline 0 0"><span class='ocrx_word' id='word_1_275' title='bbox 0 0 1238 3848; x_wconf 95' lang='lat' dir='ltr'><strong><em> </em></strong></span> 
     </span>
    </p>
   </div>
  </div>
 </body>
</html>
