2460 3848
466 210 507 266 01.
520 216 580 279 ιιι,
591 215 619 265 ει
640 215 692 267 ειο
707 227 731 267 a.
743 210 806 266 σοι.
1083 214 1146 281 195

125 357 180 424 καί
207 356 370 444 πατρῴων
396 363 499 440 θεῶν,
529 347 580 434 οίς
610 357 686 421 ούτε
715 356 829 440 μένειν
856 354 933 442 ἐξην
961 357 1032 422 οὔτ’
1054 355 1148 436 ἐκτὸς

124 473 193 529 τῶν
219 473 337 548 τειχῶν
364 463 535 550 προάγειν,
563 464 833 550 πολιορκούντων
860 475 928 529 τῶν
955 464 1147 550 βαρβάρων,

125 572 209 656 πρὸς
227 569 264 636 δέ
282 580 352 648 τοίς
370 569 556 656 εἰρημένοις
572 579 686 648 κακοῖς
704 571 911 655 τηλικούτοις
929 565 1028 637 οὖσιν
1045 571 1147 655 ήναγ-

125 678 261 756 κάζοντο
289 678 430 762 νηπίους
458 677 579 754 παῖδας
604 676 660 742 καί
689 687 850 761 γυναίκας
880 678 1147 762 συνεφέλκεσθαι

71 770 169 882 4ὒτή
199 793 300 870 φυγή.
346 782 364 848 ὁ
394 781 426 848 δ’
446 781 614 868 Ἀμίλκας,
643 786 908 869 καταφυγόντων
934 787 1017 871 πρὸς
1044 784 1182 852 αύτδνε

124 902 192 957 τῶν
216 891 389 977 φυγάδων,
415 892 546 969 τούτοις
572 890 635 975 μέν
657 893 719 977 τήν
742 891 928 977 ἀσφάλειαν
955 892 1147 978 παρέσχετο,

124 1000 187 1083 τήν
210 999 248 1064 δὲ
270 999 415 1081 δύναμιν
437 998 690 1085 παρασκευάσας
713 1008 860 1084 προῆγεν
881 997 940 1065 ἐπί
957 1000 1016 1077 τάς
1034 1005 1148 1086 Συραν

124 1106 283 1190 κούσσας,
311 1104 356 1183 ὡς
383 1106 531 1192 αἱρήσων
557 1108 619 1191 τήν
645 1107 746 1171 πόλιν
773 1106 829 1170 διά
855 1129 891 1170 τε
918 1109 980 1192 τήν
1008 1104 1148 1192 ἐρημίαν
1176 1131 1177 1135 ’

123 1212 180 1278 καί
203 1213 259 1278 διά
276 1213 339 1297 τήν
356 1211 651 1298 προσηγγελμένην
668 1221 738 1289 τοῖς
755 1212 1047 1297 ὑπολελειμμένοις
1065 1230 1148 1297 συμ-

81 1342 107 1382 10
126 1320 245 1405 φοράν.
290 1321 613 1405 προαποστείλαντος
640 1318 671 1384 δ’
688 1319 792 1385 αὐτοῦ
816 1321 996 1405 πρεσβείαν
1018 1320 1074 1385 καί
1098 1321 1147 1385 δι-
1158 1321 1200 1386 16

125 1427 244 1504 δόντος
262 1425 450 1514 Ἀντάνδρῳ
474 1426 529 1491 καί
551 1435 622 1504 τοῖς
643 1425 711 1510 μετ’
729 1426 849 1510 αὐτοῦ,
872 1428 903 1492 εί
925 1427 1147 1513 παραδιδόασι

125 1535 187 1618 τήν
213 1535 323 1618 πόλιν,
351 1533 536 1618 ἀσφάλειαν
564 1534 798 1619 συνήδρευσαν
824 1545 893 1599 τῶν
917 1535 1091 1618 ἡγεμόνων
1114 1536 1148 1601 οἱ

125 1641 265 1724 μάλιστα
288 1639 414 1723 ἀξίωμα
437 1641 615 1717 δοκοῦντες
641 1637 737 1725 ἔχειν.
784 1641 958 1727 ῥηθέντων
982 1636 1054 1707 οὖν.
1067 1647 1148 1707 πολὴ

126 1753 193 1813 λῶν
212 1750 322 1832 λόγων
336 1745 541 1832 ’Ἄντανδρος
563 1748 625 1830 μέν
644 1745 725 1834 ᾆέετο
749 1748 822 1813 δεῖν
841 1749 1063 1834 παραδιδόναι
1085 1749 1147 1835 τήν

81 1876 106 1918 ιε
125 1857 235 1940 πόλιν,
265 1857 313 1920 δον
341 1854 507 1940 άνανδρος
535 1855 635 1939 φύσει
661 1854 718 1919 καί
744 1863 802 1939 τής
828 1855 997 1941 τάδελφοῦ
1025 1857 1148 1940 τόλμης

124 1962 180 2028 καί
207 1961 355 2048 πράξεως
382 1960 538 2053 ἐναντίαν
565 1957 651 2046 έχων
678 1961 847 2028 διάθεσιν·
872 1960 1047 2047 Ἐρύμνων
1075 1961 1173 2028 διδ·

124 2071 285 2153 Αἰτωλός,
305 2067 640 2155 παρακαθεσταμένος
660 2067 718 2133 ὑπ’
731 2065 974 2153 Ἀγαθοκλέους
992 2068 1146 2158 τάδελφῷ

125 2177 298 2262 σύνεδρος,
319 2177 382 2259 τήν
404 2173 561 2242 ἐναντίαν
583 2176 664 2253 δοὺς
686 2175 823 2261 γνώμην
846 2172 977 2241 ἔπεισεν
1000 2175 1146 2253 ἅπαντας

125 2284 353 2370 διακαρτερείν
385 2283 480 2368 μέχρι
511 2281 554 2348 δν
585 2283 762 2349 πύθωνται
793 2281 945 2367 τάληθές.
994 2279 1181 2363 Ἀμίλκαςε

81 2413 107 2454 νο
125 2390 163 2455 δέ
191 2390 312 2474 μαθὼν
339 2391 379 2456 τά
409 2387 551 2467 δόξαντα
579 2399 650 2467 τοίς
679 2387 717 2455 ἐν
743 2398 783 2475 τη
812 2392 906 2456 πόλει
936 2393 1146 2474 συνεπήγνυε

124 2489 272 2583 μηχανάς
303 2498 476 2579 παντοίας,
508 2496 695 2579 διεγνωκὼς
726 2498 959 2583 προσβάλλειν.
1005 2494 1181 2580 Ἀγαθο-ε

124 2609 204 2690 κλής
222 2604 260 2669 δέ
278 2604 341 2668 δύο
359 2605 617 2689 τριακοντόρους
634 2605 715 2687 μετδι
733 2606 795 2689 τήν
812 2605 920 2689 μάχην
938 2625 1146 2690 νεναυπηγη-

124 2711 224 2796 μένος
246 2713 308 2796 τήν
329 2709 446 2796 ἑτέραν
469 2708 661 2776 ἀπέστειλεν
684 2712 731 2787 είς
754 2710 1011 2796 Συρακούσσας,
1034 2709 1147 2796 ἐρέτας

125 2817 306 2903 ἐμβιβάσας
323 2821 402 2894 τοὺς
417 2819 614 2903 κρατίστους
629 2817 685 2883 καί
702 2827 770 2882 τῶν
784 2817 860 2902 περί
877 2817 980 2883 αὐτὸν
994 2833 1146 2881 πιστευο-

81 2945 107 2987 ιε
124 2925 235 3009 μένων
263 2927 372 3007 φίλων
395 2924 454 2990 ἕνα
476 2923 644 3010 Νέαρχον,
671 2923 924 3008 ἀπαγγελοῦντα
950 2933 1020 3000 τοῖς
1049 2923 1146 3001 ίδίοις

124 3035 186 3118 τήν
213 3034 319 3116 νίκην.
365 3028 464 3097 ἔπειτ’
483 3031 640 3108 εὐπλοίας
666 3029 847 3115 γενομένης
872 3039 1048 3113 πεμπταῖοι
1074 3039 1182 3108 ταῖς4

124 3137 381 3225 Συρακούσσαις
409 3138 540 3225 νύκτωρ
569 3136 822 3224 προσεπέλασαν
848 3137 904 3202 καί
934 3136 1146 3220 στεφανωσά-

196 3297 213 3352 1
232 3297 370 3365 πατρώων
387 3295 420 3349 Χ.
484 3296 502 3350 6
520 3292 667 3365 παρείχετο
685 3295 720 3363 Ὲ;
740 3297 775 3349 cf.
794 3293 929 3348 Hultzsch
947 3311 989 3362 pr.
1004 3293 1066 3346 Pas.
1082 3310 1109 3362 p.
1121 3299 1145 3347 7.

125 3366 161 3422 12
180 3367 383 3439 συνήδρευσαν]
408 3367 651 3436 ουνεδρευσάντων
675 3367 754 3435 libri;
778 3384 846 3421 corr.
867 3365 962 3433 Steph.
1036 3364 1072 3419 13
1095 3361 1146 3419 ούκ

127 3455 180 3494 om.
199 3438 258 3494 ΒΧ.
331 3438 367 3493 14
389 3439 439 3509 μὲν
463 3436 514 3493 ούν
532 3440 562 3493 δ.
635 3438 671 3493 16
693 3439 742 3492 καί
765 3436 895 3506 πράξεως
911 3436 1109 3496 οἋΧκῈχωκ
1123 3434 1168 3479 οἱ.

126 3509 153 3563 Π
171 3515 244 3578 34,3
268 3510 381 3580 (Dind·)·
429 3509 456 3565 (δ’
480 3509 520 3567 ὢν
542 3510 605 3568 Αίτ.
625 3511 662 3568 F.
740 3510 781 3566 ss
809 3507 911 3578 μέχρις
930 3503 974 3556 δυ
999 3501 1076 3552 &ww
1099 3491 1219 3593 οὓς

119 3577 245 3648 Ἀμίλκας
269 3582 302 3637 δὲ
324 3582 368 3655 μή
392 3579 456 3640 εἶτα
482 3583 615 3659 Ἀμίλκας
645 3585 696 3659 μὶν
723 3605 754 3658 μ,
768 3582 811 3638 Y.
884 3577 931 3630 Ἃ
955 3573 1158 3631 mmmm&

1002 3665 1064 3722 X‘b*
