2460 3848
477 195 575 249 LIBRI
593 194 651 251 XX.
1008 193 1074 248 XIII

54 289 108 338 cap.

56 366 97 414 14.
127 355 374 428 Carthaginienses
397 356 452 410 diis
474 356 555 410 iratis
577 355 767 410 calamitatem
785 353 942 409 tribuentes
965 355 1072 424 suppli-

162 437 302 492 cationem
321 437 477 491 decernunt
493 436 656 504 hostiasque
674 435 812 488 humanas
831 432 987 490 immolant.

57 525 99 572 15.
128 517 374 588 CarthaginIenses
391 518 423 570 in
442 515 568 570 Siciliam
594 515 713 569 mittunt
736 515 786 583 qui
803 514 909 568 auxilia
926 515 1073 584 requirant

163 599 192 652 et
209 614 350 654 rumorem
369 597 515 667 divulgent
533 593 721 665 Agathoclem
739 595 845 649 vietum
864 610 933 649 esse.
969 595 1073 657 Luctus

146 678 268 733 ‘idcirco
283 677 436 747 Syracusas
450 677 579 745 occupat,
594 691 649 744 quo
664 674 753 730 fretus
766 675 892 729 Amilcar
904 673 974 730 urbe
988 674 1075 743 potiri

164 759 288 812 conatur.

57 843 100 892 16.
129 835 197 892 Cum
224 837 372 891 Antander
398 838 428 891 et
454 837 598 905 Erymnon
628 834 663 889 de
696 834 839 891 deditione
873 835 1075 905 Syracusarum

163 917 358 986 dissentirent,
383 917 462 971 venit
479 915 613 970 victoriae
632 916 748 969 nuntius
767 914 804 970 ab
822 916 993 986 Agathocle,
1019 934 1075 986 quo

163 999 280 1067 accepto
299 997 373 1052 cives
391 996 565 1052 incurrentes
588 995 619 1050 in
637 995 798 1051 obsidentes
816 995 987 1052 Amilcarem
1005 996 1075 1051 urbe

163 1078 308 1133 discedere
327 1079 440 1146 cogunt.

56 1164 99 1213 17.
126 1157 299 1228 Agathocles
324 1157 451 1226 quamvis
472 1157 568 1211 multis
592 1155 717 1210 subactis
741 1156 854 1225 oppidis
878 1157 977 1212 castris
999 1157 1076 1226 apud

163 1238 301 1293 Tunetem
320 1238 438 1293 exuitur.
476 1236 532 1292 Sed
551 1238 750 1307 strategemate
763 1236 901 1293 Tunetem
915 1235 1075 1296 obsidentes

163 1317 240 1372 fallit
258 1320 288 1372 et
305 1318 435 1387 ingentes
454 1319 552 1372 contra
570 1317 665 1370 hostes
684 1333 848 1386 progressus
866 1317 945 1371 facit.

58 1404 100 1453 18.
129 1396 374 1468 Carthaginienses
400 1397 436 1454 de
460 1413 531 1452 novo
557 1395 694 1451 Tunetem
720 1395 859 1453 obsident.
906 1397 991 1451 Haud
1016 1398 1076 1465 opi-

73 1542 74 1545 ,
164 1480 245 1532 natos
264 1477 400 1547 opprimit
414 1477 584 1548 Agathocles
603 1477 694 1546 iisque
713 1493 816 1532 novum
834 1479 968 1531 terrorem
985 1476 1075 1531 inicit.

59 1564 100 1616 19.
129 1557 162 1613 In
184 1557 352 1612 Macedonia
375 1556 517 1612 Casander
539 1557 703 1617 Autariatas
729 1555 803 1613 bello
832 1556 990 1626 subegerat.
1031 1558 1076 1611 Ad

165 1655 229 1693 enm
248 1636 439 1704 Ptolemaeus,
462 1636 600 1707 Antigoni
618 1637 649 1691 in
667 1637 860 1706 Peloponneso
878 1637 1004 1706 legatus,
1028 1637 1076 1691 de-

164 1718 231 1772 ficit.
259 1717 434 1787 Antigonam
443 1718 558 1787 insuper
571 1716 646 1773 bello
659 1716 734 1786 petit
742 1717 932 1784 Ptolemaeus,
952 1718 1077 1787 Aegypti

165 1798 293 1866 dynasta.
331 1797 387 1853 Sed
404 1797 511 1867 ubique
529 1799 619 1853 victor
636 1798 803 1866 Antigonus.

58 1884 101 1933 20.
128 1877 222 1939 Novos
239 1880 333 1932 motus
351 1878 382 1932 in
400 1877 574 1932 Casandrum
588 1878 695 1932 excitat
712 1877 920 1946 Polyperchon,
938 1879 1076 1949 Pergamo

165 1973 307 2012 arcessens
326 1958 476 2013 Herculem
494 1958 648 2012 Alexandri
666 1957 763 2011 filium.

55 2043 101 2093 21.
128 2036 307 2094 Ptolemaeus
326 2038 445 2092 subacta
463 2036 554 2106 Cypro
574 2037 663 2093 saevit
680 2038 711 2091 in
729 2037 886 2106 Nicoclem,
905 2040 1076 2108 Paphiorum

71 2154 73 2159 .
164 2134 267 2188 regem.

59 2203 102 2252 22.
129 2198 250 2252 Moritur
267 2199 296 2252 in
315 2198 405 2252 Ponto
424 2198 581 2267 Parysades
600 2199 720 2268 Bospori
737 2215 793 2253 rex.
830 2199 873 2253 De
887 2215 973 2270 regno
988 2201 1077 2254 oritur

165 2276 271 2333 bellum
301 2278 377 2332 inter
401 2278 514 2333 relictos
543 2280 601 2333 tres
626 2279 713 2346 filios,
744 2278 891 2348 Satyrum,
919 2278 1076 2346 Eumelum,

33 2372 36 2378 ·
76 2390 79 2395 ν
165 2358 320 2428 Prytanim.
344 2358 530 2427 Ariphames,
550 2375 598 2413 rex
613 2358 766 2426 Thracum,
785 2358 933 2414 Eumelum
952 2360 1075 2417 adiuvat.

59 2443 102 2493 28.
129 2437 210 2494 Bello
237 2439 413 2493 decertantes
439 2437 555 2507 Satyrus
586 2441 615 2494 et
641 2439 773 2509 Prytanis
804 2440 930 2509 quamvis
957 2439 1076 2494 victores

165 2521 285 2573 mortem
304 2518 437 2588 deinceps
456 2521 602 2588 oppetunt.

59 2604 102 2655 24.
129 2598 263 2654 Eumelus
282 2597 401 2666 Bospori
418 2613 505 2669 regno
524 2599 640 2667 potItur.

59 2686 101 2734 25.
130 2677 264 2734 Eumelus
282 2693 400 2746 regnum
419 2679 525 2748 optime
540 2679 720 2734 administrat
733 2682 763 2735 et
779 2679 969 2750 maximopere
983 2684 1076 2752 auget.

79 2776 82 2781 ·
165 2755 233 2814 Post
251 2759 376 2828 quinque
395 2775 532 2813 annorum
555 2760 706 2828 imperinm
729 2777 812 2814 curru
829 2763 926 2815 vectus
954 2764 1077 2817 conster-

78 2854 81 2861 “
166 2841 240 2894 natis
259 2839 339 2908 equis
357 2837 506 2893 occumbit.

61 2925 104 2974 26.
133 2919 255 2974 Oracula
275 2919 310 2973 de
329 2917 440 2973 Eumeli
458 2921 487 2973 et
506 2919 601 2990 Satyri
619 2921 717 2975 mortis
736 2937 846 2990 genere.

202 2999 323 3054 Adiecta
341 2999 447 3054 mentio
466 2998 535 3053 belli
554 3017 571 3052 a
590 3000 725 3054 Romanis
744 3000 866 3055 feliciter
884 3003 981 3055 contra
1000 3001 1076 3055 Sam-

166 3080 240 3134 nites
259 3073 346 3149 gesti,
365 3080 395 3133 in
413 3080 538 3135 locorum
556 3078 717 3134 nominibus
736 3081 888 3136 admodum
906 3082 1023 3136 ineerta.

400 3230 441 3285 Ol.
457 3237 518 3300 117,
528 3239 545 3285 4
554 3255 560 3285 :
569 3237 621 3286 309
637 3251 661 3287 a.
676 3231 738 3287 Chr.

59 3325 102 3376 27.
130 3319 319 3387 Ptolemaeus,
329 3320 454 3390 Aegypti
469 3321 609 3389 princeps,
623 3322 652 3375 in
667 3321 764 3375 Asiam
778 3326 871 3378 movet
884 3322 981 3392 ibique
994 3324 1077 3380 urbes

167 3401 196 3453 et
214 3399 330 3454 castella
347 3400 430 3469 plura
448 3400 568 3471 subigIt3
587 3401 653 3456 inde
671 3401 703 3455 in
719 3402 849 3456 insulam
862 3402 931 3456 Son
941 3402 1101 3468 proiectus

165 3479 369 3549 Ptolemaeum,
393 3480 534 3554 Antigoni
551 3499 568 3548 e
585 3481 680 3540 iretre
701 3473 863 3554 nepotem,
879 3481 919 3533 'in
941 3476 1129 3550 aserenam

155 3559 270 3627 recipit,
290 3578 358 3616 mox
378 3562 414 3618 ob
435 3564 619 3623 insidiarum
637 3566 852 3638 suspicionem
866 3561 910 3614 de
924 3552 1034 3610 medie
1050 3540 1155 3592 musa.
