2460 3848
451 169 606 234 01.115‚4=
627 173 677 222 εει
694 184 718 222 ι.
730 167 792 223 chr.
1085 174 1127 238 γη

110 317 253 380 πλασίου
290 314 411 393 πάντες
444 316 624 400 μαχόμενοι
654 313 917 398 κατεσφάγησαν.
970 317 1064 399 ἡμεῖς
1095 316 1126 380 δ’

110 419 181 486 ἐπεὶ
204 423 244 486 τά
267 422 344 507 περί
367 424 525 488 Σικελίαν
548 422 603 487 καί
625 422 687 506 την
706 418 849 486 Ἰταλίαν
874 422 1128 506 διεληλύθαμεν,

110 527 349 611 διαβιβάσομεν
376 531 436 594 τὸν
463 532 565 613 λόγον
593 527 647 594 ἐπὶ
674 529 715 592 τά
742 530 841 593 λοιπά
868 526 950 614 μέρη
977 537 1035 612 τῆς
1061 529 1129 594 Εὐ-

110 635 230 721 offme-

79 765 90 804 ι
182 744 277 807 Κατά
308 744 372 827 γάρ
404 744 466 827 τὴν
494 743 712 808 Μακεδονίαν
740 743 915 826 Εὐρυδίκη
947 752 1005 826 τῆς
1035 743 1179 826 βασι·11

110 851 199 925 λείας
226 859 450 936 προεστηκυῖα
478 849 534 914 καί
567 849 807 933 πυνθανομένη
839 851 901 934 τὴν
926 846 1129 932 Ὀλυμπιάδα

109 952 417 1042 παρασκευάζεσθαι
448 958 532 1041 πρὸς
564 959 626 1042 τὴν
661 956 813 1022 κάθοδον
848 958 932 1042 πρὸς
967 958 1029 1040 μὲν
1060 958 1130 1023 Κά-

110 1063 257 1148 σανδρον
298 1064 346 1140 είς
382 1066 646 1148 Πελοπόννησον
687 1062 857 1129 ἀπέστειλε
895 1067 1128 1148 βιβλιαφόρον,

110 1166 247 1247 ἀξιοῦσα
278 1174 421 1255 βοηθεῖν
452 1172 514 1255 την
546 1173 713 1255 ταχίστην,
749 1181 817 1235 τῶν
850 1169 888 1234 δέ
919 1172 1129 1237 Μακεδόνων

66 1301 91 1339 ω
109 1278 187 1354 τούς
209 1277 495 1361 πρακτικωτάτους
518 1276 769 1361 ἀνακαλουμένη
792 1278 932 1364 δωρεαῖς
954 1278 1009 1342 καὶ
1030 1279 1129 1362 μεγά-

110 1388 182 1460 λαις
222 1382 431 1468 ἐπαγγελίαις
473 1385 580 1461 ίδίους
617 1395 689 1463 ταῖς
724 1385 872 1462 εὐνοίαις
906 1386 1128 1464 κατεσκεύαζ.

109 1490 338 1576 Πολυπέρχων
362 1491 400 1556 δέ
422 1491 567 1573 δύναμιν
589 1493 730 1578 ἤθροισε
753 1493 1024 1577 προσλαβόμενος
1045 1493 1162 1557 Ala-2

108 1598 207 1682 αίδην
228 1599 289 1663 τὸν
308 1594 515 1682 Ἠπειρώτην
537 1599 592 1664 καί
614 1604 799 1684 κατήγαγεν
819 1595 1022 1681 Ὀλυμπιάδα
1048 1602 1128 1681 μετά

108 1713 168 1769 τοῦ
195 1701 413 1789 Ἀλεξάνδρου
443 1705 562 1782 παιδὸς
591 1703 646 1770 ἐπί
674 1708 736 1791 την
765 1708 947 1789 βασιλείαν.
997 1705 1128 1772 ἀκούων

63 1834 88 1875 ιι
107 1806 172 1876 οὐν
189 1811 386 1897 Εὐρυδίκην
409 1809 446 1876 έν
466 1811 584 1888 Εὐίοις
606 1823 663 1897 τῆς
684 1813 897 1891 Μακεδονίας
920 1807 1026 1878 οὐσαν
1048 1816 1129 1896 μετά

107 1929 165 2004 της
188 1918 360 2002 δυνάμεως
382 1917 535 2004 ὥρμησεν
562 1916 613 1983 ἐπ’
635 1919 750 2003 αὐτην,
778 1920 933 1985 σπεύδων
960 1926 1019 2008 μιηῖ
1043 1921 1128 2011 μάχη

107 2035 219 2113 κρῖναι
247 2028 286 2090 τά
309 2025 490 2110 πράγματα.
537 2025 802 2110 ἀντιταχθέντων
825 2026 863 2091 δὲ
885 2026 1039 2111 ἀλληλοις
1061 2038 1129 2092 τῶν

108 2131 341 2216 στρατοπέδων
365 2134 398 2197 ολ
419 2133 615 2210 Μακεδόνες
638 2131 855 2218 ἐντραπέντες
877 2134 914 2198 τὸ
937 2143 995 2217 της
1013 2133 1128 2216 Ὀλυμ

107 2240 226 2317 πιάδος
253 2236 378 2322 ἀξίωμα
405 2239 461 2303 καί
487 2223 555 2304 τῶν
583 2240 782 2324 εὐεργεσιῶν
805 2239 1128 2324 ἀναμιμνησκόμενοι

61 2367 89 2409 εο
107 2357 175 2412 τῶν
201 2343 420 2431 Ἀλεξάνδρου
450 2345 678 2428 μετεβάλοντο.
732 2349 897 2424 Φίλιππος
925 2346 987 2429 μὲν
1016 2341 1080 2412 οὐν
1109 2347 1161 2413 δε

106 2456 264 2535 βασιλεὺς
286 2453 392 2529 εὐθύς
414 2453 482 2537 ἥλω
506 2455 586 2535 μετά
609 2465 666 2539 τῆς
692 2455 887 2538 θεραπείας,
914 2454 934 2536 ἡ
964 2452 994 2517 δ’
1015 2454 1128 2539 Εὐρυ-

107 2559 183 2642 δίκη
206 2559 286 2640 μετά
310 2558 539 2643 Πολυκλέους,
565 2559 640 2638 ἑνὸς
663 2571 731 2625 τῶν
754 2560 965 2643 συμβούλων,
989 2561 1036 2637 είς
1055 2560 1128 2643 'Ape

107 2667 248 2751 φίπολιν
271 2664 491 2750 ἀποχωροῦσα
513 2671 721 2752 συνελήφθη.
766 2676 888 2732 τοῦτον
911 2667 949 2732 δὲ
971 2669 1031 2732 τὸν
1053 2671 1162 2753 τρό·4

106 2793 173 2837 πον
200 2768 379 2853 Ὀλυμπιάς
411 2784 480 2838 τῶν
511 2777 693 2856 βασιλικῶν
729 2773 889 2855 σωμάτων
925 2775 1128 2860 κυριεύσασα

60 2899 88 2942 ιε
106 2880 162 2945 καί
189 2879 290 2965 χωρίς
315 2874 491 2946 κινδύνων
513 2882 574 2965 τὴν
601 2882 774 2964 βασιλείαν
801 2884 1039 2965 παραλαβοῦσα
1065 2883 1127 2965 τὴν

107 2985 264 3071 εὐτυχίαν
283 2987 345 3053 οὐκ
363 2989 503 3074 ἤνεγκεν
522 2987 759 3074 ἀνθρωπίνως,
782 2985 865 3054 άλλά
888 2990 949 3071 τήν
969 2983 996 3051 τ’
1015 2987 1127 3073 Εὐρυ-

179 3182 196 3239 2
215 3185 368 3254 διήλθομεν
386 3185 416 3239 F.
485 3186 503 3240 3
521 3186 727 3257 διαβιβάσομεν
746 3188 781 3256 Ἐς
800 3184 1019 3260 μεταβιβάσομεν
1038 3182 1126 3244 Ηεελλ.

107 3255 147 3310 ΙΙΙ
164 3275 192 3326 p.
208 3262 242 3310 32
261 3258 280 3311 f.
295 3276 316 3311 r.
396 3256 414 3311 6
442 3256 645 3328 πυνθανομένη
673 3259 937 3326 παρασκευάζεσθαι
961 3261 1012 3330 τὴν
1034 3259 1072 3316 Ὀ.
1096 3261 1125 3315 F.

107 3325 279 3383 δέπέστειλε
297 3328 327 3383 Β.
372 3327 557 3454 βιβλιαφόρον
575 3330 605 3397 F,
626 3349 640 3384 ο
660 3347 746 3400 supra
764 3352 783 3385 α
800 3332 902 3400 posito.
975 3332 1011 3407 10
1029 3351 1127 3400 πατρι-

106 3399 249 3462 κωτάτους
266 3398 324 3456 RX.
410 3399 596 3473 δΑίακίδην]
616 3403 651 3456 cf.
670 3401 735 3456 XVI
754 3408 837 3471 72,1.
905 3402 944 3456 1ss
959 3404 1141 3468 κατηηευῖ.

107 3469 143 3525 15
174 3470 205 3525 ἐν
232 3469 354 3597 Εὐίοιςχ
376 3472 410 3526 εί.
443 3472 515 3530 Ptol.
548 3473 588 3529 ΠΙ
616 3479 663 3542 12,
684 3479 734 3530 θέλ.
817 3475 860 3529 m
888 3471 1101 3542 tht'ik'mw
1118 3465 1165 3511 ἳ·

102 3540 137 3594 21
155 3542 244 3604 θίάάε
260 3558 359 3598 01η.
435 3545 472 3602 25
491 3548 635 3608 κινδύνου
653 3549 690 3607 F.
765 3545 848 3604 θύετ’
873 3540 987 3600 ρεαδ-
