2460 3848
442 167 595 235 01.116,1=
615 173 667 222 ωε
683 183 708 221 α.
719 165 782 222 chr.
1078 167 1121 234 65

101 316 277 399 βοηθείας,
304 311 497 380 ἀπέστειλεν
524 309 575 379 ἐπ’
602 312 724 389 αὐτοὺς
755 313 864 390 ίππείς
893 313 1123 397 λογχοφόρους

101 421 164 504 μὲν
193 422 336 506 Μήδους
367 421 565 505 δισχιλίους,
600 420 825 504 Ταραντίνους
855 418 892 484 δέ
922 419 1123 501 διακοσίους,

103 539 171 594 τῶν
200 528 238 594 δέ
267 531 373 607 πεζῶν
402 530 481 604 τοὺς
510 529 630 607 ψιλοὺς
656 527 816 604 άπαντας·
846 527 959 610 ήλπιζε
982 527 1045 610 γὰρ
1068 546 1158 607 με-ε

103 633 307 718 μονωμένοις
325 643 395 712 τοίς
411 636 546 720 θηρίοις
561 634 623 717 τήν
639 631 794 700 ἐπίθεσιν
808 632 1031 717 ποιησάμενος
1048 632 1124 698 τού-

72 763 85 804 ε
103 765 171 808 των
197 765 232 807 τε
260 742 383 829 ῥᾳδίως
406 741 597 826 κυριεύσειν
619 740 674 805 καὶ
697 750 764 805 τῶν
787 742 955 822 πολεμίων
977 744 1124 825 παρελεῖ-

103 855 187 915 σθαι
208 850 246 915 τὸ
269 848 445 934 κράτιστον
468 846 567 934 μέρος
588 857 646 931 της
669 845 848 930 δυνάμεως.
885 845 903 912 ὁ
923 846 954 912 δ’
970 847 1125 930 Εὐμενής

103 955 429 1040 καταστοχασάμενος
456 957 493 1020 τὸ
521 953 643 1038 μέλλον
671 952 862 1019 ἀπέστειλεν
885 951 940 1018 ἐπί
962 955 1023 1038 τήν
1046 957 1125 1038 βοή-

103 1069 204 1128 θειαν
233 1064 342 1140 ίππεῑς
368 1062 430 1146 μὲν
456 1063 535 1140 τοὺς
561 1063 758 1146 κρατίστους
779 1063 908 1145 χιλίους
929 1060 984 1126 καί
1007 1081 1125 1126 πεντα-

104 1172 254 1254 κοσίους,
283 1171 401 1249 πεζοὺς
429 1169 467 1235 δέ
493 1171 614 1249 ψιλοὺς
636 1169 848 1254 τρισχιλίους.
893 1165 1160 1252 ἐπιφανέντων4

59 1299 86 1340 ιο
104 1277 143 1342 δέ
182 1279 346 1363 πρότερον
386 1287 454 1342 τῶν
494 1274 688 1360 Ἀντιγόνου
735 1284 944 1360 στρατιωτῶν
985 1275 1018 1339 οί
1058 1284 1126 1340 τῶν

104 1382 296 1468 ἐλεφάντων
323 1385 482 1468 ἡγεμόνες
512 1380 666 1460 τάξαντες
696 1383 743 1459 είς
769 1383 931 1447 πλινθίον
958 1381 998 1446 τδι
1021 1384 1126 1467 θηρία

104 1501 265 1576 προῆγον,
301 1488 339 1556 ἐν
374 1489 462 1577 μέσφ
498 1488 560 1573 μὲν
597 1486 816 1573 ἀπειληφότες
850 1490 891 1554 τά
926 1490 1126 1573 σκευοφόρα,

104 1598 187 1663 κατά
205 1597 243 1663 δέ
260 1600 323 1683 τήν
341 1596 504 1682 οὐραγίαν
522 1593 653 1681 ἔχοντες
672 1594 999 1679 συναγωνιζομένους
1017 1597 1126 1674 ἱππεῖς

106 1705 147 1770 οὐ
177 1707 313 1783 πλείους
341 1705 572 1790 τετρακοσίων.
621 1701 847 1768 ἐπιπεσόντων
871 1701 901 1768 δ’
923 1702 1037 1779 αὐτοῖς
1059 1714 1161 1771 τῶνε

60 1833 87 1874 τε
105 1813 273 1894 πολεμίων
301 1810 402 1877 παντί
428 1820 474 1898 τῷ
501 1810 597 1896 βάρει
623 1809 679 1874 καί
701 1811 890 1895 βιαιότερον
912 1807 1127 1893 ἐπικειμένων

106 1918 139 1983 ολ
160 1918 222 2000 μὲν
247 1919 356 1994 ίππείς
383 1916 571 2002 ἐτράπησαν
595 1914 661 1982 ὑπὸ
684 1925 745 1982 τοῦ
768 1919 921 2000 πλήθους
943 1938 1127 2002 καταπονη-

105 2023 239 2109 θέντες,
269 2026 301 2090 ολ
328 2020 359 2089 δ’
384 2022 439 2089 ἐπί
463 2035 531 2090 τῶν
553 2022 745 2109 ἐλεφάντων
767 2021 984 2107 ἐφεστηκότες
1005 2025 1043 2088 τὸ
1065 2024 1128 2105 μὲν

106 2142 239 2217 πρῶτον
270 2130 422 2216 ἀντεῖχον
450 2133 506 2197 καί
533 2129 769 2217 διεκαρτέρουν
795 2131 1008 2214 πανταχόθεν
1030 2152 1127 2196 κατα-

106 2240 376 2324 τιτρωσκόμενοι,
399 2239 525 2322 βλάψαι
548 2234 579 2303 δ’
602 2239 704 2304 οὐδὲν
726 2240 805 2315 τοὺς
825 2239 1003 2318 πολεμίους
1026 2237 1128 2302 δυνά-

43 2371 88 2423 ,1ο
106 2367 209 2427 μενοι.
247 2346 312 2429 ήδη
336 2341 366 2410 δ’
389 2345 500 2411 αὐτῶν
517 2343 819 2428 καταπονουμένων
837 2340 1041 2420 ἀνελπίστως
1059 2342 1128 2409 ἐπι·
1147 2362 1162 2410 6

108 2450 270 2536 φανέντες
292 2453 325 2518 ολ
348 2449 425 2536 παρ’
447 2452 622 2535 Εὐμενοῦς
645 2449 834 2538 ἐξήρπασαν
857 2451 979 2527 αὐτοὺς
1002 2448 1038 2516 ἐκ
1061 2461 1128 2517 τῶν

107 2558 285 2624 κινδύνων.
341 2560 422 2642 μετά
454 2555 484 2624 δ’
515 2557 638 2644 ἡμέρας
669 2559 783 2643 όλίγας
814 2555 853 2622 ἐν
884 2558 1128 2642 τεσσαράκοντα

108 2665 256 2742 σταδίοις
274 2664 686 2751 ἀντιστρατοπεδευουσῶν
703 2675 771 2730 τῶν
787 2663 963 2746 δυνάμεων
976 2663 1128 2743 ἐξέταξαν

109 2770 290 2858 ἀμφότεροι
321 2774 359 2837 τὸ
392 2773 616 2858 στρατόπεδον
649 2773 696 2849 είς
727 2771 845 2855 μάχην,
878 2771 923 2848 ὡς
954 2773 1029 2855 περὶ
1061 2783 1129 2838 τῶν

63 2902 90 2944 τε
109 2878 198 2944 ὅλων
220 2881 359 2965 κρίσεως
381 2877 547 2962 ἐσομένης.

177 2983 367 3069 Ἀντίγονος
397 2985 458 3069 μέν
491 2980 553 3051 οὖν
585 2987 663 3063 τοὺς
697 2986 806 3062 ίππείς
842 2982 896 3050 ἐπὶ
933 2986 973 3049 τά
1008 2984 1183 3071 κέρατα40

110 3093 300 3175 διελόμενος
323 3094 360 3158 τὸ
383 3092 445 3174 μὲν
468 3092 642 3174 εὐώνυμον
664 3091 763 3176 μέρος
785 3093 924 3158 Πίθωνι
948 3090 1129 3176 παρέδωκε,

181 3250 336 3320 θΜήδους
359 3267 413 3305 om.
432 3249 483 3303 ΒΧ
508 3250 536 3305 εί
559 3251 612 3304 aab.
636 3251 693 3305 ποί.
713 3250 823 3320 steph.;
845 3253 876 3305 ελ
901 3250 936 3305 cf.
958 3248 1023 3303 XIX
1042 3255 1085 3317 29,
1100 3256 1129 3317 23

109 3328 154 3390 42,
169 3328 198 3387 23
223 3321 297 3377 Plut.
318 3322 398 3375 Eum.
421 3327 462 3375 18.
540 3321 558 3375 ὅ
580 3318 753 3389 παρελέσθαι
775 3321 832 3378 RX.
907 3321 924 3377 8
949 3321 998 3376 καὶ
1024 3338 1079 3375 om.
1099 3321 1134 3373 F.

110 3392 199 3448 11.12
217 3393 258 3456 είς
275 3389 639 3461 πλινθίον-ἀπειληφότες
662 3410 716 3448 om.
733 3392 769 3448 X.
840 3393 883 3448 Ὠ.
901 3388 1100 3455 ἀπειληφότες
1114 3386 1158 3434 ὼ

111 3461 282 3536 σκευοφόρα]
302 3460 484 3534 ὑπειληφότες
502 3464 603 3532 πεζούς
620 3485 704 3532 τινας
722 3467 831 3540 ήμλοῶς
843 3464 886 3519 11.
940 3461 983 3514 Ἦ
1003 3464 1070 3512 τῦῑῖ
1088 3451 1179 3499 mm-

105 3533 226 3603 μίοιελῖ
299 3535 387 3591 mv
405 3554 459 3593 om.
479 3537 541 3597 ΒΧ.

145 3640 271 3684 Diodotus.
289 3644 313 3684 V.
1024 3632 1047 3677 b
