2460 3848
447 205 489 260 οι.
501 208 600 272 118‚2:
621 209 671 258 εοι
687 220 712 258 ε.
723 202 785 259 chr.
1060 205 1125 272 269

108 354 164 420 καί
182 354 376 439 Τυρρηνοὺς
393 352 521 416 τούτων
540 349 601 415 οὐκ
619 348 789 433 ἐλάττους,
807 352 934 434 Λίβυας
953 349 990 414 δέ
1008 351 1127 434 μικρὸν

110 461 349 537 ἀπολείποντας
378 469 446 524 τῶν
475 460 615 542 μυρίων,
645 455 704 534 οὓς
733 455 897 542 ἐφέδρους
928 451 1015 523 εἶναι
1047 473 1127 521 συν-

111 569 232 652 έβαινε,
255 564 628 649 συμμεταβαλλομένους
646 563 697 629 ἀεί
715 573 785 642 τοῖς
804 573 943 650 καιροίς·
967 563 1067 648 χωρίς
1090 562 1128 628 δέ
1147 583 1163 633 3

110 675 239 741 τούτων
265 673 480 758 ἠκολούθουν
509 673 617 748 ίππείς
643 672 744 756 χίλιοι
772 673 998 754 πεντακόσιοι,
1031 671 1127 754 ζεύγη

80 782 149 848 εδδ
176 781 314 863 Λιβύων
345 781 446 845 πλείω
480 789 546 844 τῶν
578 776 813 863 ἑξακισχιλίων.
863 779 896 843 ολ
928 778 965 844 δέ
996 782 1129 863 Καρχη-

111 890 220 955 δόνιοι
247 887 640 972 κατεστρατοπεδευκότες
667 883 722 951 ἐπί
749 895 815 951 τῶν
842 882 1046 970 ὑπερδεξίων
1074 884 1129 949 καί

112 996 346 1080 δυσπροσίτων
364 994 632 1059 διακινδυνεύειν
647 992 709 1075 μὲν
727 994 810 1078 πρὸς
828 991 1031 1078 ἀνθρώπους
1049 992 1130 1058 ἀπο-

113 1102 336 1186 γινώσκοντας
363 1101 425 1185 τὴν
452 1103 618 1187 σωτηρίαν
646 1099 707 1165 οῦκ
737 1097 880 1183 ἔκρινον,
910 1099 1065 1182 μένοντες
1095 1095 1126 1164 δ’

112 1207 150 1275 ἐν
177 1218 217 1294 τῇ
245 1210 436 1292 παρεμβολῇ
464 1207 520 1272 καί
546 1206 681 1271 πάντων
704 1207 925 1289 εὐποροῦντες
948 1216 988 1291 τῇ
1012 1207 1131 1272 σπάνει

69 1337 95 1376 ιο
112 1316 168 1381 καί
189 1326 235 1401 τῷ
258 1317 367 1402 χρόνῳ
390 1316 671 1398 καταπολεμήσειν
689 1316 767 1390 τοὺς
790 1312 963 1390 ἐναντίους
985 1315 1131 1398 ἤλπιζον.

113 1421 131 1487 ὁ
151 1418 181 1487 δ’
196 1418 401 1506 Ἀγαθοκλῆς
418 1420 459 1486 ού
478 1420 664 1502 δυνάμενος
681 1418 742 1501 μὲν
761 1420 883 1496 αὐτοὺς
901 1421 949 1497 εἰς
971 1422 1011 1485 τά
1034 1421 1132 1485 πεδία
1150 1439 1167 1487 4

114 1526 337 1613 προάγεσθαι,
364 1537 431 1592 τῶν
458 1526 496 1592 δὲ
522 1537 649 1610 καιρῶν
674 1526 926 1610 ἀναγκαζόντων
953 1531 1078 1609 τολμᾶν
1100 1550 1132 1592 τι

113 1636 169 1700 καί
196 1634 470 1719 παραβάλλεσθαι
497 1634 557 1718 τὴν
581 1633 726 1716 δύναμιν
747 1634 872 1718 ἤγαγεν
895 1632 950 1699 ἐπί
977 1635 1038 1719 τὴν
1065 1645 1133 1700 τῶν

114 1741 294 1827 βαρβάρων
312 1740 578 1825 στρατοπεδείαν.
614 1738 863 1818 ἐπεξελθόντων
881 1735 945 1807 οὖν
961 1752 1028 1806 τῶν
1042 1746 1133 1827 Καρ-

71 1868 97 1910 ιε
115 1849 282 1934 χρδονίων
311 1847 367 1912 καί
396 1849 483 1912 πολὺ
516 1859 561 1934 τῷ
593 1851 715 1932 πλήθει
747 1848 803 1913 καί
834 1858 905 1926 ταῖς
933 1850 1133 1935 δυσχωρίαις

115 1955 347 2039 ὑπερεχόντων
374 1952 429 2020 ἐπί
455 1953 517 2037 μέν
544 1976 618 2019 τινα
646 1956 769 2039 χρόνον
797 1957 829 2020 οἱ
856 1956 933 2040 περί
960 1957 1019 2021 τὸν
1040 1953 1134 2040 Ἀγα-

116 2061 241 2128 θοκλέα
264 2060 499 2145 διεκαρτέρουν
520 2061 692 2126 πάντοθεν
714 2059 962 2145 ἐκθλιβόμενοι,
989 2065 1070 2145 μετὰ
1097 2063 1135 2129 δὲ

116 2168 207 2234 ταῦτ’
224 2167 392 2234 ἐνδόντων
414 2179 481 2233 τῶν
503 2169 725 2252 μισθοφόρων
742 2169 798 2234 καί
820 2180 888 2234 τῶν
905 2171 1016 2234 ἀλλων
1033 2170 1135 2254 ἠναγ-

117 2276 293 2360 κάσθησαν
316 2273 526 2360 ἀναχωρῆσαι
548 2276 631 2360 πρὸς
654 2276 716 2360 τὴν
738 2277 1004 2361 στρατοπεδείαν.
1042 2278 1074 2342 οἱ
1097 2276 1169 2345 δέε

72 2404 98 2444 ω
118 2382 281 2468 βάρβαροι
310 2380 438 2465 βαρέως
466 2380 666 2465 ἐπικείμενοι
695 2387 773 2461 τοὺς
802 2383 864 2466 μὲν
893 2386 1023 2466 Λίβυας
1053 2405 1135 2470 παρ-

117 2493 279 2574 ήλλαττον
307 2487 408 2553 οὐδὲν
434 2486 663 2573 ἐνοχλοῦντες,
691 2490 747 2554 ίνα
773 2492 834 2575 τὴν
862 2491 998 2557 εὔνοιαν
1025 2493 1136 2559 αὐτῶν

118 2593 367 2679 ἐκκαλέσωνται,
391 2598 468 2672 τοὺς
491 2592 522 2660 δ’
533 2593 697 2680 Ἕλληνας
718 2597 774 2662 καί
796 2601 1029 2684 μισθοφόρους
1050 2625 1136 2684 γνω-

120 2705 264 2786 ρίζοντες
291 2703 347 2767 διά
374 2713 441 2766 τῶν
466 2702 578 2767 ὅπλων
607 2700 783 2787 ἐφόνευον,
809 2705 922 2789 μέχρις
949 2707 1028 2772 ὅτου
1057 2723 1136 2773 συν-

120 2807 259 2887 εδίωξαν
282 2810 329 2886 είς
351 2810 413 2894 τὴν
435 2812 656 2894 παρεμβολήν.

74 2936 100 2975 ιε
196 2917 276 2981 Τότε
298 2916 360 2998 μέν
379 2911 441 2981 οὖν
459 2915 673 3006 ἀνῃρέθησαν
688 2912 930 3001 Ἀγαθοκλέους
949 2922 995 2997 είς
1014 2936 1136 3004 τρισχι-

121 3025 226 3099 λίους·
263 3024 345 3087 κατά
381 3022 419 3088 δέ
455 3025 515 3108 τὴν
552 3021 713 3088 ἐπιοῦσαν
746 3025 850 3090 νύκτα
886 3027 944 3103 τάς
980 3025 1137 3109 δυνάμεις

192 3216 250 3270 1.2
268 3215 317 3269 καὶ
337 3217 498 3284 Τυρρηνοὺς
513 3214 746 3279 -ἀπολείποντας
768 3233 821 3272 om.
840 3217 873 3272 X.
945 3218 963 3271 2
985 3217 1137 3275 ἀπολιπόν-

120 3309 170 3350 τας
189 3288 218 3342 F.
290 3284 627 3358 θσυμμεταβαλλομένοις
644 3287 674 3341 1⁴¹.
730 3288 760 3342 δὲ
785 3306 837 3343 om.
858 3288 891 3342 X.
966 3288 1053 3345 λιταί
1075 3293 1137 3345 δια-

121 3360 296 3414 κινδυνεύειν
315 3359 345 3412 F.
418 3358 453 3412 12
471 3356 686 3428 προαγαγέσθαι
703 3360 733 3413 F.
806 3360 841 3415 13
860 3359 906 3414 ἐπὶ
923 3361 974 3430 τὴν
987 3361 1137 3483 βάρβαρον

122 3428 337 3499 στρατοπεδείαν
362 3428 420 3483 RX.
498 3430 533 3484 15
560 3433 650 3502 πολλῷ
673 3435 711 3504 τῷ
734 3431 838 3500 πλήθει
862 3431 895 3485 Ε.
969 3432 1092 3484 &ww
1117 3448 1154 3476 u

121 3507 239 3570 μισθοφ.
258 3501 289 3555 F.
361 3502 395 3555 21
419 3501 603 3573 ἐνοχλοῦντας
619 3503 655 3558 δ.
725 3503 767 3557 ‘m
788 3501 841 3556 δια
857 3509 916 3554 που
934 3498 1037 3550 ’δυκερ
1056 3490 1184 3542 m&

117 3575 167 3625 ιεί.
187 3575 244 3627 not.
265 3573 362 3643 Steph.
400 3571 484 3648 μέχρι
503 3576 595 3634 Dind.
664 3575 704 3632 θλ)
725 3573 833 3649 όταν)
846 3547 1206 3638 Ἀραθοκκὲουεὶδθῴ
