2460 3848
115 633 411 718 ΔΙΟΔΩΡΟΤ
433 632 798 717 ΣΙΚΕΛΙΩΤΟΤ
821 632 1106 718 ΙΣΤΟΡΙΩΝ
1105 627 1138 731 J

350 811 568 895 ΒΙΒΛΟΣ
591 812 866 895 ΕΙΚΟΣΤΗ.
1119 849 1172 899 ιοε

57 1170 74 1232 1
172 1173 248 1245 Τοῖς
267 1169 314 1245 εἱς
336 1169 394 1245 τάς
419 1168 565 1253 ἱστορίας
586 1165 785 1252 ὑπερμήκεις
808 1167 1011 1253 δημηγορίας
1033 1188 1118 1254 παρ-

96 1275 318 1358 εμβάλλουσιν
344 1275 365 1359 ή
393 1283 536 1351 πυκναῖς
561 1273 743 1360 χρωμένοις
771 1273 956 1360 ῥητορείαις
981 1274 1119 1353 δικαίως

96 1383 138 1448 άν
169 1405 219 1460 τις
250 1363 484 1467 ἐπιτιμήσειεν·
517 1374 557 1446 οὐ
589 1382 696 1463 μόνον
726 1381 790 1466 γάρ
822 1382 860 1445 τὸ
893 1380 1029 1466 συνεχὲς
1059 1392 1119 1467 τῆς

95 1490 278 1574 διηγήσεως
300 1490 356 1553 διά
378 1489 440 1572 τήν
459 1487 613 1574 άκαιρίαν
631 1499 699 1553 τῶν
718 1486 983 1572 ἐπεισαγομένων
1006 1489 1119 1572 λόγων

95 1597 291 1679 διασπῶσιν,
329 1594 412 1660 άλλδι
443 1595 499 1659 καὶ
530 1605 597 1661 τῶν
635 1596 816 1680 φιλοτίμως
852 1593 996 1680 ἐχόντων
1032 1596 1119 1680 πρὸς
1151 1617 1163 1658 ι

95 1703 156 1786 τήν
186 1713 253 1767 τῶν
282 1699 434 1788 πράξεων
463 1700 645 1787 ἐπίγνωσιν
675 1705 924 1784 <μεσολαβοῦσι
955 1703 1017 1786 τήν
1047 1701 1118 1768 ἐπι-

59 1810 259 1892 νθυμίαν>.
303 1811 410 1875 καίτοι
435 1831 474 1892 γε
501 1810 580 1886 τοὺς
607 1806 862 1874 ἐπιδείκνυσθαι
889 1809 1118 1891 βουλομένους

96 1919 198 2002 λόγου
226 1916 371 2000 δύναμιν
399 1914 503 1994 ἔξεστι
527 1914 598 1981 κατ’
622 1916 711 1980 ἰδίαν
734 1916 938 2001 δημηγορίας
960 1916 1015 1981 καὶ
1038 1936 1118 2002 πρε-

96 2025 290 2107 σβευτικοὺς
323 2025 459 2108 λόγους,
491 2020 539 2088 ἐτι
571 2023 609 2087 δὲ
640 2021 784 2105 ἐγκώμια
815 2021 871 2086 καὶ
901 2024 1029 2106 ψόγους
1060 2023 1118 2088 καί

95 2133 198 2197 τάλλα
220 2132 260 2196 τά
278 2139 415 2196 τοιαῦτα
433 2129 690 2195 συντάττεσθαι·
712 2136 752 2213 τή
772 2129 836 2213 γάρ
854 2130 1028 2216 οἰκονομίᾳ
1047 2141 1118 2195 τῶν
1137 2153 1163 2193 ιο

95 2240 204 2322 λόγων
231 2237 432 2324 χρησάμενοι
458 2237 515 2301 καὶ
541 2237 600 2313 τοὶς
625 2234 806 2312 ὑποθέσεις
832 2236 932 2321 χωρὶς
962 2234 1118 2321 ἑκατέρας

94 2343 349 2432 ἐξεργασάμενοι
388 2344 470 2408 κατά
512 2345 613 2428 λόγον
650 2341 692 2408 άν
729 2340 766 2407 ἐν
803 2341 1004 2427 ἀμφοτέραις
1043 2352 1117 2421 ταῖς

59 2452 330 2536 3πραγματείαις
358 2449 574 2533 εὐδοκιμοῖεν.
620 2458 685 2515 νῦν
713 2445 744 2513 δ’
763 2446 847 2515 ἔνιοι
873 2449 1118 2527 πλεονάσαντες

95 2557 132 2624 ἐν
159 2567 229 2635 τοῖς
256 2559 442 2644 ῥητορικοῖς
470 2560 582 2643 λόγοις
609 2560 807 2643 προσθήκην
833 2555 1031 2641 ἐποιήσαντο
1054 2558 1118 2641 τήν

95 2665 177 2749 ὅλην
202 2666 351 2751 ἱστορίαν
373 2674 431 2749 της
454 2666 665 2751 δημηγορίας.
712 2669 811 2729 λυπεῖ
833 2662 921 2729 δὀὐ
944 2665 1050 2746 μόνον
1078 2665 1116 2729 τὸ
1137 2686 1163 2727 ιι

94 2783 201 2849 κακῶς
231 2772 373 2858 γραφέν,
405 2772 489 2837 ἄλλα
519 2772 576 2836 καὶ
607 2771 644 2835 τὸ
677 2771 801 2835 δοκοῦν
833 2769 871 2836 ἐν
902 2780 971 2849 τοῖς
1004 2771 1118 2848 άλλοις

95 2878 324 2965 ἐπιτετεῦχθαι
355 2882 467 2946 τόπων
499 2879 554 2944 καὶ
585 2887 710 2963 καιρῶν
746 2888 804 2962 της
841 2880 963 2954 οἰκείας
996 2874 1118 2955 τάξεως

165 3038 247 3092 inser.
262 3033 290 3091 κ’
299 3035 362 3103 RX3
376 3037 524 3103 Διοδώρου
539 3036 708 3090 Σικελιώτου
722 3035 851 3102 ἱστοριῶν
865 3031 893 3088 κ’
902 3035 932 3090 F.
982 3034 1000 3088 6
1013 3033 1117 3108 <μεσο-

94 3110 210 3179 λαβοῦσι
229 3106 280 3178 τήν
300 3104 478 3180 ἐπνθυμὶαν>
502 3107 593 3176 suppl.
607 3107 697 3162 Wess.
719 3124 754 3161 ex
773 3105 838 3160 XVI
860 3112 884 3172 1,
899 3113 929 3173 λς
973 3103 1025 3176 τήν
1046 3123 1117 3174 προ-

94 3179 203 3249 θυμίαν
231 3180 442 3250 ἀπαμβλύνουσι
469 3175 539 3246 πρὸς
565 3176 616 3248 τήν
644 3177 826 3302 ἀνάγνωσινῖ
853 3178 946 3233 Madv.
1005 3195 1033 3246 p.
1053 3183 1116 3234 512.

96 3252 160 3321 ἱγε
180 3268 233 3308 om.
252 3252 282 3307 F.
320 3247 520 3305 ἐνδείκνυσθαι
538 3251 568 3304 F.
640 3249 721 3305 θέτι
744 3249 775 3304 δὲ
813 3250 921 3319 γκάιμια
939 3249 989 3303 καὶ
1005 3245 1118 3320 ψόγους

95 3340 149 3378 om.
177 3324 207 3378 F.
288 3322 324 3376 13
355 3323 527 3390 εὐδοκιμοῖεν
555 3322 577 3375 F
615 3325 693 3392 (cort.
723 3327 747 3375 2.
771 3323 818 3388 m.)
855 3318 1022 3391 εὐδοκίμουν
1054 3319 1115 3376 RX.

81 3393 123 3444 Ισ
140 3393 269 3462 γράφειν
292 3393 390 3463 codd.;
415 3410 484 3450 corr.
504 3392 588 3449 Dind.
644 3391 689 3446 ἐπὶ
709 3400 769 3454 τοῖς
787 3390 879 3454 άλλως
897 3393 926 3448 F.
983 3392 1017 3446 cf.
1039 3390 1066 3446 V
1087 3398 1116 3462 13

66 3461 128 3516 Pol.
145 3465 193 3517 14
215 3465 341 3539 (δάσεα).
628 3481 630 3487 ·
