2460 3848
115 168 179 235 136
460 164 648 221 Diodor.XIX
661 170 784 221 85-8'1.
807 210 809 215 ,

113 311 175 377 οὐκ
198 310 339 397 ἀποδοίη
362 322 432 389 τοίς
456 314 567 397 φίλοις
593 311 649 377 καί
672 308 879 393 συνθέμενος
907 313 1024 396 φιλίαν
1046 312 1129 398 πρὸς

113 418 217 484 αὐτὸν
245 418 444 485 τούναντίον
468 417 630 503 ’ἀφέλοιτο
659 420 721 503 τὴν
749 414 951 505 σατραπείαν
980 429 1038 503 της
1064 423 1130 483 Βα-

77 528 279 608 ιβυλωνίας
310 525 481 591 Σελεύκου
510 526 607 611 ’παρὰ
643 523 750 590 πάντα
786 520 827 589 τά
863 524 982 591 δίκαια.
1037 525 1055 591 ὁ
1092 525 1130 591 δὲ

112 636 318 716 Πτολεμαῖος
345 635 424 710 τοὺς
451 631 514 716 μὲν
540 631 682 709 ἁλόντας
708 632 908 717 στρατιώτας
934 632 1130 710 ἀποστείλας

112 740 159 817 είς
185 739 361 824 Αἴγυπτον
388 736 588 826 προσέταξεν
618 738 674 805 έπλ
704 740 762 818 τὰς
788 742 969 825 νομαρχίας
996 739 1129 824 διελεῖν,
1163 758 1175 798 ⁵

90 840 211 924 αὐτὸς
238 845 276 912 δέ
300 846 414 925 θάψας
435 844 504 911 τῶν
528 846 624 911 ἰδίων
646 849 725 925 τοὺς
748 844 786 912 έν
808 856 848 933 τη
871 846 957 937 μάχη
979 850 1137 932 τελευτη,

111 948 233 1031 σαντας
270 953 417 1030 ἅπαντας
451 958 708 1039 μεγαλοπρεπῶς
744 955 825 1037 μετὰ
860 962 918 1037 τῆς
958 946 1130 1036 δυνάμεώς

110 1059 203 1151 ἐπῄει
228 1070 297 1126 τῶν
319 1062 401 1126 κατὰ
428 1055 589 1145 Φοινίκην
612 1062 743 1126 πόλεων
764 1062 822 1138 τάς
846 1059 908 1143 μὲν
931 1065 1129 1146 πολιορκῶν,

75 1169 168 1244 στάς
195 1166 233 1233 δέ
247 1159 375 1236 Απενθοί
401 1169 658 1255 προσαγόμενος.
704 1171 895 1253 Δημήτριος
922 1167 960 1234 δέ
985 1167 1130 1250 δύναμιν

111 1274 172 1340 οὐκ
193 1271 278 1360 ἔχων
297 1271 477 1360 ἀξιόχρεων
495 1276 578 1360 πρὸς
596 1274 658 1357 μέν
675 1275 737 1340 τὸν
754 1273 878 1360 πατέρα
896 1276 1130 1360 βυβλιαφόρον
1149 1297 1176 1338 ιο

110 1380 312 1465 ἀπέστειλεν,
350 1379 450 1460 ἀξιῶν
482 1384 625 1466 βοηθεῖν
656 1383 718 1466 την
754 1383 924 1467 ταχίστην·
960 1381 1060 1458 αὐτὸς
1092 1379 1130 1446 δὲ
1188 1407 1192 1417 ·

109 1481 290 1576 παρελθών
318 1490 364 1567 είς
392 1491 553 1574 Τρίπολιν
580 1498 637 1573 τῆς
663 1491 821 1574 Φοινίκης
847 1487 1066 1573 μετεπέμπετό
1094 1510 1130 1553 τε

108 1599 188 1673 τοὺς
224 1595 260 1662 ἐκ
293 1598 447 1673 Κιλικίας
483 1597 683 1682 στρατιώτας
718 1596 774 1662 καί
810 1607 877 1662 τῶν
914 1597 1024 1662 ἀλλων
1056 1595 1130 1662 ὅσοι

109 1703 365 1788 παρεφύλαττον
391 1702 412 1787 ἢ
440 1704 552 1782 πόλεις
578 1704 599 1789 ἢ
629 1704 775 1790 φρούρια
798 1704 931 1788 ’μακρὰν
956 1701 1130 1787 ἀφεστῶτα

108 1819 176 1875 τῶν
198 1811 374 1892 πολεμίων.
961 1803 964 1807 ’
1149 1829 1176 1870 ιε

56 1915 98 1981 86
180 1921 387 2000 Πτολεμαῖος
410 1916 448 1983 δέ
470 1910 610 2004 κρατῶν
623 1926 691 1982 τῶν
709 1916 889 2002 ὑπαίθρων
906 1916 1045 1981 Σιδῶνα
1066 1916 1129 1998 μὲν

107 2023 351 2110 προσηγάγετο,
380 2033 438 2108 τῆς
466 2025 504 2090 δέ
535 2025 646 2111 Τύρου
673 2026 816 2108 πλησίον
844 2023 1128 2109 στρατοπεδεύσας

108 2131 331 2216 παρεκάλεσεν
350 2128 566 2217 Ἀνδρόνικον
589 2131 649 2196 τὸν
675 2131 891 2217 φρούραρχον
918 2131 1128 2218 παραδοῦναι

107 2241 169 2324 τὴν
187 2240 286 2305 πόλιν
304 2238 360 2305 καί
383 2237 509 2324 δωρεάς
531 2260 566 2302 τε
588 2237 644 2303 καί
666 2238 762 2319 τιμάς
784 2237 888 2324 ἁδρὰς
911 2236 1127 2323 ἐπηγγείλατο

71 2345 236 2412 εδοῦναι.
290 2345 308 2410 ὁ
341 2345 379 2410 δέ
411 2348 520 2430 φήσας
551 2343 669 2428 μηδενί
701 2346 812 2432 τρόπφ
847 2344 1034 2431 προδώσειν
1065 2344 1128 2430 την
1147 2368 1175 2409 ιο

107 2450 291 2537 δεδομένην
313 2448 370 2516 ὑπ’
384 2447 575 2535 Ἀντιγόνου
599 2451 654 2517 καί
676 2453 872 2538 Δημητρίου
895 2453 1019 2534 πίστιν,
1042 2449 1128 2517 έλοι-

107 2559 229 2644 δόρησε
260 2569 425 2644 φορτικῶς
454 2559 514 2624 τὸν
543 2563 762 2641 Πτολεμαῖον.
811 2557 954 2651 ύστερον
983 2557 1022 2624 δέ
1051 2573 1128 2623 στα-

107 2664 294 2730 σιασάντων
330 2675 398 2731 τῶν
435 2675 644 2751 στρατιωτῶν
676 2663 824 2732 ἐκπεσών
855 2663 893 2731 έκ
928 2665 1038 2751 Τύρου
1070 2665 1127 2730 καλ

106 2773 284 2856 γενόμενος
313 2770 503 2859 ὑποχείριος
531 2773 719 2860 προσεδόκα
747 2772 808 2855 μέν
834 2773 992 2859 τιμωρίας
1018 2769 1127 2850 τεύξε-

176 2965 234 3020 1.2
258 2963 429 3035 συνθέμενος
451 2964 548 3035 φιλίαν
585 2963 755 3036 συνθέμενος
797 2965 860 3020 ἀλιν
878 2963 929 3018 RX
955 2959 1127 3034 συνθέμενος

106 3041 169 3109 (om.
184 3038 269 3093 πάλιν
283 3038 329 3108 F);
349 3054 417 3092 corr.
432 3038 521 3092 Hertl.
592 3055 620 3105 p.
636 3042 671 3092 34
690 3038 736 3107 (cf.
828 3038 922 3107 89,1);
941 3032 1012 3104 πρὸς
1025 3033 1124 3108 αὐτὸν]

104 3106 175 3178 πρὸς
189 3109 261 3166 αὐτὰ
274 3110 305 3175 Ρ,
321 3125 389 3164 corr.
405 3115 429 3164 2.
440 3127 490 3178 m.;
510 3106 653 3180 ἀφέλοιτο]
673 3104 834 3177 διαφέλοιτο
848 3108 883 3175 Ε,
904 3149 944 3162 ...
959 3115 1019 3169 τοῖς
1033 3104 1127 3175 φίλοις

104 3181 154 3236 καί
182 3178 364 3251 συνθεμένοις
390 3179 478 3235 πύλαι
505 3176 575 3249 πρὸς
604 3177 700 3250 αὐτόν,
731 3177 897 3235 τούναντίον
930 3177 960 3233 δὲ
993 3174 1126 3247 ἀφέλοιτο
1221 3220 1224 3224 ⁸

104 3252 197 3308 Madv.
212 3253 225 3306 I
243 3269 270 3320 p.
287 3258 347 3308 511.
426 3252 444 3306 5
469 3247 634 3324 νομαρχίας]
658 3247 814 3321 ναυαρχίας
837 3251 931 3317 codd.;
951 3266 1019 3304 corr.
1033 3250 1125 3305 Wess.

105 3323 151 3394 (cf.
170 3323 298 3393 Droysen
312 3323 338 3377 II
352 3329 367 3378 2
382 3342 409 3393 p.
420 3329 457 3378 47⁴
466 3339 491 3379 ιι.
502 3329 531 3390 1;
554 3323 664 3378 Niesel
683 3341 710 3392 p.
722 3327 773 3377 297
784 3339 809 3376 ο.
820 3325 856 3391 5).
936 3321 954 3376 8
973 3317 1052 3392 ἐπῄει
1073 3321 1126 3391 τὴν

102 3394 178 3448 κατδι
204 3392 339 3464 Φοινίκην
363 3403 419 3449 τῶν
444 3392 551 3451 πόλεων
574 3395 604 3450 F.
677 3394 713 3449 10
735 3391 916 3465 βιβλιοφόρον
935 3393 965 3448 F.
1038 3392 1074 3446 12
1096 3412 1126 3448 τε

87 3477 142 3515 om,
168 3465 201 3517 F.
278 3466 319 3521 16
344 3463 460 3524 Σιδόνα
483 3467 514 3522 F.
588 3465 624 3523 20
652 3469 753 3522 δοῦναι
780 3465 834 3520 del.
860 3464 952 3519 Madv.
974 3462 987 3517 I
1013 3481 1041 3532 p.
1064 3469 1125 3519 175.

68 3535 266 3597 παραδώσειν
286 3534 305 3609 β
322 3541 490 3611 προδώσειν
509 3539 546 3598 X.
622 3539 660 3597 24
677 3538 836 3606 τεύξασθαι
848 3537 885 3592 λδ.
