2460 3848
100 184 166 250 210
451 183 764 242 motionum-28.

98 351 166 393 των
187 339 256 394 τῶν
278 329 409 394 παίδων
431 330 493 413 τὴν
516 328 647 416 ὀροφὴν
669 330 725 396 καί
747 333 788 397 τά
813 330 962 413 θεμέλια.
1008 336 1120 398 τελευ-

97 440 258 522 τησαντος
290 436 328 501 δὲ
359 437 462 502 αύτοὺ
495 437 551 502 διδ
582 438 645 522 τὴν
676 436 863 522 ὀχουμένην
890 437 945 504 όπί
976 447 1036 505 τοῦ
1068 462 1120 504 τε-

97 544 250 628 θρίππου
281 543 408 627 σκηνὴν
438 542 573 621 ἕκαστος
601 543 813 627 ὑπελάμβανε
840 544 1032 611 τετελέσθαι
1059 545 1120 609 τὸν

96 653 254 736 ιοισνόν·

168 757 237 824 Καί
265 757 342 843 περὶ
370 757 433 840 μὲν
462 767 529 822 τῶν
559 755 597 822 όν
625 768 671 843 τῷ
702 759 865 844 Βοσπόρῳ
897 757 1120 844 πραχθέντων
1152 781 1161 820 ι

62 865 169 941 σάλις
198 865 278 948 ὑμῖν
305 862 413 949 ἐχέτω.
463 864 546 929 κατὰ
573 863 611 929 δὲ
638 865 700 948 τὴν
723 859 866 929 Ἰταλίαν
893 865 926 930 οἱ
952 874 1021 930 τῶν
1044 863 1119 930 Ῥω-

95 973 203 1053 μαίων
238 971 360 1036 ὑπατοι
399 972 480 1053 μετά
521 970 693 1053 δυνάμεως
733 968 932 1053 ἐμβαλόντες
973 973 1021 1048 είς
1056 973 1119 1056 τὴν

95 1077 259 1144 *Ἰταλίαν
277 1077 435 1162 ἐνίκησαν
452 1077 538 1168 μάχη
557 1079 727 1160 Σαμνίτας
749 1077 827 1163 περί
848 1079 886 1143 τὸ
909 1079 1118 1161 καλούμενον

100 1186 229 1251 Τάλιον.
280 1196 348 1250 τῶν
380 1186 413 1249 δ’
437 1183 651 1269 ἡττηθέντων
682 1183 1026 1268 καταλαμβανομένων
1057 1187 1118 1251 τὸν

92 1290 196 1378 Ἱερὸν
224 1294 332 1378 λόφον
359 1291 604 1374 ὀνομαζόμενον
626 1293 700 1357 τότε
727 1291 789 1374 μὲν
816 1302 874 1376 τῆς
899 1294 1020 1369 νυκτὸς
1048 1290 1118 1357 έπι-
1137 1314 1161 1354 ιο

95 1400 262 1484 λαβούσης
291 1400 324 1465 οἱ
349 1397 500 1481 Ῥωμαίοι
531 1399 615 1484 πρὸς
645 1400 707 1483 τὴν
738 1398 829 1463 ίδίαν
858 1399 1117 1483 στρατοπεδείαν

95 1506 323 1592 ἀπεχώρησαν,
352 1514 393 1591 τῇ
423 1505 456 1569 δ’
479 1505 639 1592 ὑστεραίᾳ
667 1505 769 1571 πάλιν
800 1505 904 1590 μάχης
935 1504 1118 1590 γενομένης

93 1613 213 1678 πολλοί
248 1613 310 1696 μέν
342 1609 557 1702 ἀνῃρέθησαν
590 1622 658 1677 τῶν
689 1616 879 1696 Σαμνιτῶν,
917 1612 1117 1697 αἰχμάλωτοι

94 1717 125 1785 δ’
153 1718 351 1806 ἐλήφθησαν
383 1719 468 1805 ὑπὲρ
501 1721 581 1796 τοὺς
612 1720 796 1804 δισχιλίους
827 1719 884 1785 καί
915 1721 1116 1797 διακοσίους.

59 1827 255 1892 4τοιούτων
284 1826 322 1891 δὲ
351 1825 608 1912 προτερημάτων
637 1825 827 1910 γενομένων
853 1836 923 1905 τοῖς
947 1824 1116 1910 Ῥωμαίοις
1134 1846 1160 1888 ιι

95 1933 199 2010 ἀδεῶς
229 1934 293 2018 ἤδη
325 1943 393 1999 τῶν
419 1933 600 2017 ὑπαίθρων
629 1932 806 2015 συνέβαινε
837 1933 1007 2019 κυριεύειν
1035 1937 1116 2012 τοὺς

93 2039 240 2117 ὑπάτους
266 2040 323 2106 καί
348 2042 408 2118 τάς
435 2039 641 2115 ἀπειθούσας
664 2049 732 2104 τῶν
754 2041 885 2105 πόλεων
907 2048 1114 2126 χειροῦσθαι.

93 2147 314 2233 Καταράκταν
335 2146 397 2230 μὲν
421 2141 484 2212 οὑν
506 2146 562 2211 καί
584 2148 812 2231 Κεραυνιλίαν
835 2144 1115 2233 ἐκπολιορκήσαν-

92 2276 145 2332 τες
169 2257 340 2341 φρουροὺς
363 2252 542 2338 ἐπέθηκαν,
565 2263 632 2318 τῶν
651 2253 683 2316 δ’
698 2253 809 2318 ἀλλων
827 2255 921 2331 τινάς
940 2257 1115 2333 πείσαντες

92 2361 353 2447 προσηγάγοντο.
1133 2381 1159 2422 ιο

162 2625 180 2680 8
204 2623 342 2681 *Ἰταλίαν
367 2624 393 2678 R
420 2619 575 2693 (Ἀπουλίαν
601 2630 625 2678 2.
644 2642 681 2678 m.
704 2625 735 2678 in
757 2629 857 2694 marg.)
880 2624 940 2692 XF3
965 2622 1114 2681 Ἀπουλίαν

90 2697 324 2751 verisimillimum
352 2712 412 2750 esse
438 2694 551 2750 videtur
577 2695 623 2765 (cf.
651 2696 754 2750 Kaerst
777 2695 802 2750 J.
822 2697 841 2750 f.
860 2696 910 2751 Ph.
937 2696 1028 2766 suppl.
1047 2695 1115 2752 XIII

90 2787 118 2838 p.
141 2771 265 2838 736sq.);
294 2770 325 2821 at
351 2767 485 2835 quoniam
513 2766 548 2821 δε
570 2767 651 2821 Talio
679 2784 736 2822 non
763 2770 874 2823 constat
900 2784 953 2823 nec
977 2768 1008 2822 in
1033 2768 1113 2823 Livio

91 2841 246 2908 quidquam
265 2839 365 2893 auxilii
383 2841 438 2904 εεὺ,
457 2838 595 2892 iudicium
614 2838 815 2906 cohibendum
838 2836 1012 2908 Καμπανίαν
1031 2856 1112 2909 prop.

90 2910 290 2966 Binneboessel
302 2909 321 2964 l.
331 2910 350 2964 l.
364 2928 392 2979 p.
404 2916 436 2964 71
449 2926 473 2964 ε..
484 2916 513 2975 2,
527 2908 662 2978 πολεμίαν
677 2909 785 2980 Burger
797 2927 899 2965 mnem.
909 2909 974 2965 XVI
988 2928 1015 2979 p.
1027 2915 1061 2966 86
1070 2929 1112 2980 sq.

91 2980 233 3044 Σαυνίτας
246 2982 277 3035 F.
331 2982 349 3035 9
370 2980 473 3036 Τάλιον
486 2980 538 3034 RX
552 2979 671 3036 Ἰτάλιον
684 2982 719 3044 F3
738 2981 809 3051 ign.;
829 2980 939 3037 Πύλιον
958 2981 1029 3037 coni.
1044 2981 1113 3037 Pais

90 3054 167 3109 studi
185 3054 215 3107 di
233 3052 271 3108 fil.
286 3052 317 3107 cl,
334 3053 348 3106 Ι
365 3070 393 3122 p.
409 3059 508 3121 124sq.
528 3053 573 3122 (cf.
590 3052 669 3107 Pirro
683 3052 723 3106 111
735 3071 763 3122 p.
774 3058 807 3106 31
819 3069 843 3107 α.
854 3057 890 3122 4),
911 3050 1020 3108 Τόανου
1039 3054 1111 3124 (εοῦ.

91 3125 186 3188 Sidio.)
196 3125 254 3178 Bur
274 3142 304 3180 er
316 3124 334 3180 l.
346 3124 373 3191 1..
390 3121 498 3179 Τέννου
513 3125 582 3192 (scil.
593 3124 687 3192 Apul.)
701 3124 815 3180 Klimke
828 3131 853 3179 2.
865 3123 1019 3180 Sama-Ka
1030 3143 1057 3195 p.
1067 3131 1111 3180 13.

89 3197 231 3268 καταλάβω
266 3216 323 3251 νων
345 3196 376 3249 F.
453 3195 488 3250 10
509 3192 596 3264 Ἶερδς
618 3192 705 3264 λόφος
726 3195 784 3265 ign.
857 3196 893 3250 13
912 3200 1061 3251 Σαυνιτῶν
1079 3197 1111 3254 F.

89 3267 124 3322 18
147 3266 379 3336 Καταράκταν..
397 3309 402 3321 .
417 3267 466 3321 καὶ
487 3264 676 3335 Κεραυνιλίαν
699 3264 891 3336 (Κεραυναίαν
909 3268 941 3337 F)
965 3266 1113 3338 ἐκπολιορ-

88 3337 235 3412 κήσαντες]
253 3338 337 3394 urbes
354 3339 470 3408 ignotae
488 3337 687 3393 Binneboessel
700 3337 748 3394 l.l.
766 3357 794 3408 p.
810 3344 857 3405 713
875 3338 955 3393 Pirro
968 3337 1007 3392 III
1022 3357 1051 3408 p.
1062 3344 1112 3408 323

80 3410 120 3463 do
146 3409 271 3466 Cisauna
297 3428 358 3482 cog.
381 3409 463 3464 Nieb.
485 3409 524 3462 HI
548 3428 576 3480 p.
591 3415 656 3476 2863
681 3409 716 3463 de
739 3408 861 3464 Gerunio
882 3410 995 3464 Klimke
1017 3428 1046 3479 p.
1062 3417 1111 3479 133

63 3479 220 3538 Καιατίαν
249 3483 297 3556 (cf.
323 3481 378 3539 XX
405 3484 497 3557 80,1)
524 3526 530 3539 .
551 3527 556 3539 .
578 3527 584 3539 .
608 3482 659 3538 καὶ
685 3479 890 3552 Κουβυλτερίαν
917 3481 1025 3551 Burger
1052 3480 1071 3536 l.
1091 3483 1111 3537 l.

51 3546 96 3603 19
109 3567 152 3608 ³11
173 3553 354 3630 ἐνέθηκανδ
