2460 3848
136 211 201 277 130
496 207 793 264 Diodor.X1x81.82.

133 357 207 431 νίας
236 353 451 439 τεταγμένον·
483 353 564 440 ὅπερ
588 354 688 420 εἴωθε
710 357 888 439 γίγνεσθαι
910 364 980 432 τοῖς
1002 359 1155 433 παλαιοῖς

133 472 343 548 στρατηγοῖς,
375 461 456 526 όταν
488 459 524 526 ἐκ
556 465 690 526 πολλῶν
720 461 921 546 προφάσεων
948 461 987 526 ἓν
1009 458 1155 547 ἔγκλημα

132 569 216 654 πρὸς
256 568 315 634 ἕνα
355 568 473 653 καιρὸν
514 567 720 653 ἀθροίζηται·
760 569 799 633 τὸ
835 569 898 654 γάρ
935 573 1066 652 πλῆθος
1102 567 1154 635 ἀεὶ

133 674 339 760 δυσάρεστον
376 672 430 740 ἐπὶ
465 685 534 741 τῶν
571 675 681 740 αὐτῶν
712 671 820 757 ’μόνον
851 673 907 740 καί
938 683 1006 741 πᾶν
1037 677 1075 741 τὸ
1108 679 1152 762 μη

132 782 314 860 πλεονάζον
344 780 584 868 κεχαρισμένην
615 778 681 867 ἔχει
710 783 772 866 τὴν
801 784 999 866 μεταβολήν·
1029 791 1090 848 τοῦ
1117 806 1153 848 τε
1187 806 1199 847 ι

132 890 256 975 πατρὸς
281 889 346 974 ἤδη
374 890 595 974 γεγηρακότος
622 888 657 953 αἱ
679 898 736 973 τῆς
759 890 928 971 βασιλείας
951 887 1083 967 ἐλπίδες
1105 891 1153 967 εἰς

131 997 201 1080 την·
224 996 346 1061 τούτου
379 996 540 1081 διαδοχὴν
572 991 656 1079 ἦγον
688 995 755 1077 ἅμα
786 997 847 1080 τὴν
880 995 985 1082 ἀρχὴν
1012 995 1153 1081 καλιὴν

96 1114 199 1168 λιτῶν
217 1103 326 1188 όχλων
344 1103 489 1168 εὔνοιαν.
516 1098 559 1186 ἦν
577 1102 615 1168 δὲ
633 1102 688 1168 καί
710 1112 756 1189 τῷ
779 1102 891 1168 κάλλει
913 1102 969 1169 καί
991 1114 1036 1189 τῷ
1059 1103 1154 1187 μεγέ-

131 1216 188 1275 θει
217 1208 394 1295 διάφορος,
424 1206 472 1275 ἔτι
502 1208 540 1275 δὲ
562 1208 804 1294 κεκοσμημένος
829 1209 944 1286 ὅπλοις
968 1212 1153 1292 βασιλικοῖς

132 1310 198 1401 εἶχε
238 1319 385 1402 πολλὴν
402 1315 571 1403 ὑπεροχὴν
607 1316 663 1382 καί
698 1315 910 1401 κατάπληξιν,
951 1315 996 1381 δι’
1030 1313 1069 1400 ης
1106 1320 1153 1394 εἰς
1172 1341 1199 1381 ιο

131 1421 267 1501 ἐλπίδας
303 1423 407 1510 ἀδρδις
441 1420 501 1508 ἦγε
533 1427 612 1502 τοὺς
644 1424 801 1501 πολλούς·
838 1424 921 1508 πρὸς
953 1423 991 1490 δὲ
1022 1424 1154 1502 τούτοις

132 1532 277 1618 πρᾳότης
308 1553 358 1607 τις
388 1527 432 1615 ἦν
464 1530 540 1616 περί
572 1530 686 1614 αὐτόν,
714 1530 902 1617 ἁρμόζουσα
924 1529 988 1618 νέω
1012 1534 1152 1615 βασιλεῖ,

131 1633 175 1701 δι’
202 1633 242 1720 ἧς
277 1639 325 1714 εἰς
360 1639 555 1723 προθυμίαν
587 1636 769 1716 ἐξεκαλεῖτο
801 1638 941 1721 πάντας,
978 1637 1061 1702 ὥστε
1096 1638 1153 1704 καὶ

130 1746 209 1820 τοὺς
250 1741 344 1820 ἐκτὸς
383 1743 504 1822 τάξεως
544 1745 750 1831 συνδραμεῖν
790 1743 845 1810 ἐπὶ
882 1746 944 1829 την
981 1743 1152 1830 ἀκρόασιν,

132 1861 408 1935 συναγωνιῶντας
436 1861 477 1938 τη
506 1853 636 1936 νεότητι
666 1850 721 1917 καί
743 1860 783 1936 τη
806 1852 972 1942 μελλούση
995 1854 1152 1936 γίνεσθαι
1172 1874 1198 1914 ιε

96 1960 237 2044 σκρίσει
278 1958 334 2023 διά
374 1969 432 2043 τῆς
473 1938 690 2046 παρατάξεως.
749 1959 790 2023 οὐ
827 1960 933 2040 μόνον
969 1958 1032 2043 γάρ
1069 1959 1153 2043 πρὸς

131 2067 287 2143 πλείονας
308 2067 428 2150 ἤμελλε
451 2065 729 2147 διακινδυνεύειν,
753 2063 837 2130 ἀλλά
858 2064 914 2130 καί
932 2066 1015 2152 πρὸς
1032 2062 1152 2148 ἡγεμό-

130 2197 191 2250 νας
232 2173 353 2258 σχεδὸν
393 2174 584 2256 μεγίστους,
625 2175 836 2253 Πτολεμαῖον
876 2170 932 2237 καί
968 2170 1150 2237 Σέλευκον·

131 2274 224 2345 οὗτοι
253 2281 317 2365 γάρ
347 2280 473 2356 πάντας
501 2281 580 2355 τοὺς
598 2276 763 2360 πολέμους
781 2274 985 2366 Ἀλεξάνδρῳ
1009 2293 1152 2363 συστρα-

130 2387 326 2469 τευσάμενοι
348 2385 404 2452 καί
422 2384 579 2461 πολλάκις
597 2381 676 2451 καθ’
695 2383 816 2463 αὑτοὺς
835 2385 1010 2468 δυνάμεων
1028 2385 1152 2470 ἡγησά-
1172 2409 1199 2450 ιο

130 2515 225 2575 μενοι
260 2491 356 2578 μέχρι
387 2501 455 2556 τῶν
487 2502 613 2577 καιρῶν
644 2491 772 2557 τούτων
803 2491 955 2578 ὑπῆρχον
992 2491 1151 2577 ἀνίκητοι,

96 2614 112 2662 6
130 2598 149 2664 δ
168 2596 199 2663 δ’
213 2593 276 2664 οὖν
289 2601 480 2683 Δημήτριος
498 2598 726 2685 παρακαλέσας
743 2600 784 2665 τά
801 2601 915 2683 πληδη
933 2609 1003 2676 τοῖς
1017 2601 1152 2677 οἰκείοις

131 2703 243 2790 λόγοις
271 2705 327 2771 καί
357 2705 483 2791 δωρεάς
513 2728 549 2771 τε
577 2705 698 2772 δώσειν
724 2707 807 2772 κατὰ
829 2708 891 2791 την
914 2703 1010 2783 ἀξίαν
1032 2705 1088 2771 καί
1110 2708 1152 2770 τά

130 2813 264 2898 λάφυρα
283 2816 511 2898 συγχωρήσειν
530 2811 806 2897 ἐπαγγειλάμενος
824 2810 955 2890 ἐξέταξε4
967 2815 1029 2898 την
1049 2813 1152 2878 δύνα-

130 2944 189 3003 μιν
211 2921 258 2996 εἰς
280 2922 342 3005 τὴν
364 2920 481 3005 μάχην.
1171 2943 1198 2984 ιι

78 3026 120 3091 82
197 3023 273 3093 Ἐπί
304 3027 366 3110 μὲν
399 3021 462 3093 οὖν
493 3028 530 3092 τὸ
564 3027 660 3092 λαιὸν
689 3025 787 3112 κε’ρας
814 3023 920 3110 ἔταξε,
951 3025 1065 3091 wlff&
1089 3027 1152 3092 τὸν

129 3133 292 3200 κίνδυνον
323 3134 422 3212 αὐτὸς
450 3136 571 3219 ἤμελλε
600 3140 783 3216 ποιεῖσθαι,
812 3133 965 3219 πρώτους
986 3131 1048 3215 μὲν
1070 3135 1152 3211 τοὺς

201 3291 218 3345 1
243 3288 408 3362 τεταγμένος
432 3291 462 3346 1⁴¹.
506 3288 639 3361 γίνεσθαι
656 3291 687 3344 F.
759 3289 777 3344 3
805 3290 861 3344 αίεῖ
879 3291 909 3344 F.
982 3288 1001 3345 4
1027 3290 1064 3360 μὴ
1094 3290 1150 3344 del.

127 3361 240 3417 Raiske.
313 3364 398 3433 5sqq.
418 3363 453 3417 cf.
474 3361 550 3418 said.
570 3379 590 3417 ε.
604 3379 629 3417 v.
649 3361 815 3431 Δημήτριος.
883 3361 901 3416 8
920 3362 968 3416 καῖ
986 3358 1100 3431 μεγέθει
1118 3362 1150 3417 F.

114 3430 138 3482 9
159 3431 203 3484 lu
229 3433 263 3487 δί
289 3431 498 3505 κεκοσμημένος
521 3432 616 3497 ὅπλοις
639 3434 676 3506 β,]
702 3433 873 3502 καὶμᾶλλον
892 3431 936 3487 ὅτε
955 3429 1151 3503 περιεβέβλητο

100 3495 207 3564 &loce
243 3505 304 3561 -R
383 3507 421 3564 15
445 3503 585 3581 γενέσθαι
601 3507 656 3563 F„
704 3503 742 3560 λδ
762 3502 864 3566 πάντες
879 3503 940 3558 RK.
984 3505 1152 3571 στρατευσά-

80 3583 173 3629 th
221 3615 228 3628 .
309 3578 352 3668 26
371 3577 488 3652 ἐξέταξε
509 3581 595 3654 libri;
616 3598 689 3638 cort.
709 3577 774 3634 εδδ.
844 3575 881 3630 Ἦ
898 3574 1043 3644 mm.
