2460 3848
119 191 182 255 162
443 185 805 241 οῑοοοεμΙΧιοι-ιοι.

79 342 155 419 τιή
183 331 451 422 προγεγενημένῃ
478 334 563 422 νίκη.
609 331 649 396 οὐ
677 331 875 414 τολμώντων
898 331 936 396 δὲ
963 341 1030 397 τῶν
1054 334 1137 417 βαρ·

115 440 229 525 βάρων
265 437 517 524 παρατάξασθαι
553 439 692 520 νομίσας
728 439 857 504 ιἰκονιτλ
895 447 1030 523 κρατεῖν
1067 449 1137 503 τῶν

114 546 294 632 ὑπαίθρων
327 545 518 630 ἐπανῆλθεν
548 545 596 622 εἰς
626 546 684 621 τδις
710 544 953 631 Συρακούσσας
984 544 1040 611 καλ
1068 556 1137 610 τῶν

114 665 206 719 ναῶν
241 656 321 730 τοὺς
356 651 639 737 ἐπιφανεστάτους
674 661 744 730 τοίς
779 652 913 729 σκύλοις
945 650 1136 736 ἐκόσμησεν.

113 768 217 825 ταῦτα
248 759 310 841 μὲν
342 754 406 824 οὐν
437 757 589 845 ἐπράχθη
621 760 704 825 κατὰ
737 768 858 824 τοῦτον
888 760 949 824 τὸν
980 757 1138 824 ἐνιαυτὸν
1169 779 1181 820 ι

115 862 163 932 ὧν
184 867 278 951 ἡμεῖς
302 865 515 951 ἐδυνήθημεν
538 865 725 952 ἐφικέσθαι.

37 974 100 1039 105
179 969 250 1038 Ἐπ’
268 974 428 1059 άρχοντος
454 969 484 1036 δ’
504 969 666 1058 Ἀθήνησι
688 973 883 1056 Σιμωνίδου
902 970 1053 1055 Ῥωμαῖοι
1075 973 1138 1055 μὲν

113 1080 262 1157 ὑπάτους
283 1079 488 1164 κατέστησαν
510 1078 654 1165 Μάρκον
676 1078 881 1165 Οὐαλλέριον
903 1080 959 1145 καὶ
982 1081 1138 1146 Πόπλιον

114 1186 247 1253 Δέκιον.
294 1186 348 1253 ἐπλ
372 1187 410 1252 δὲ
431 1186 561 1252 τούτων
584 1186 617 1251 ολ
644 1186 720 1271 περὶ
742 1186 946 1272 Κάσανδρον
968 1186 1024 1252 καλ
1048 1191 1139 1253 Πτο-

115 1300 251 1377 λεμαῖον
287 1294 343 1359 καὶ
379 1295 575 1378 Λυσίμαχον
611 1293 780 1370 διαλύσεις
816 1292 1014 1377 ἐποιήσαντο
1053 1295 1138 1378 πρὸς
1156 1317 1183 1357 ιο

113 1403 304 1484 Ἀντίγονον
327 1401 383 1466 καλ
410 1404 583 1485 συνθήκας
611 1396 769 1485 ἔγραψαν.
815 1398 853 1465 ἐν
876 1400 913 1466 δὲ
937 1400 1072 1477 ταύταις
1093 1397 1139 1484 ἦν

113 1508 318 1591 Κάσανδρον
345 1507 407 1588 μὲν
430 1500 516 1572 εἶναι
543 1507 730 1592 στρατηγὸν
752 1516 810 1591 τής
833 1507 1014 1592 Εὐρώπης,
1040 1503 1139 1593 μέχρι

114 1613 157 1678 δν
182 1609 398 1699 Ἀλέξανδρος
426 1613 444 1679 ὁ
473 1612 509 1679 ἐκ
532 1611 691 1697 Ῥωξάνης
719 1616 766 1690 είς
792 1614 925 1698 ήλικίαν
952 1611 1052 1704 ἔλθη,
1080 1614 1138 1679 καλ

114 1721 309 1804 Λυσίμαχον
336 1720 398 1803 μὲν
424 1729 482 1804 τής
507 1717 638 1808 Θράκης
662 1721 841 1815 κυριεύειν,
865 1725 1075 1803 Πτολεμαίου
1100 1721 1138 1786 δὲ

114 1837 171 1911 τής
195 1827 372 1911 Αἰγύπτου
402 1827 457 1893 κοιλ
488 1838 557 1892 τῶν
588 1829 837 1912 συνοριζουσῶν
868 1828 971 1918 ταύτη
1006 1829 1138 1893 πόλεων
1158 1849 1183 1890 ιι

113 1933 195 1998 κατά
223 1956 259 1998 τε
286 1934 348 2018 τήν
371 1935 504 2018 Λιβύην
525 1935 581 1999 καλ
603 1935 665 2018 τήν
689 1935 857 2019 Ἀραβίαν,
882 1933 1076 2018 Ἀντίγονον
1100 1934 1138 2000 δὲ

115 2037 321 2125 ἀφηγεῖσθαι
343 2050 401 2124 τής
420 2040 528 2117 Ἀσίας
551 2039 672 2124 πάσης,
694 2042 773 2116 τοὺς
797 2040 834 2106 δὲ
852 2037 1016 2125 Ἕλληνας
1039 2041 1138 2106 αὐτο-

113 2149 238 2228 νόμους
268 2140 362 2212 εἶναι.
408 2147 449 2212 οὐ
479 2148 545 2231 μήν
575 2145 747 2228 ἐνέμεινάν
776 2170 814 2231 γε
844 2156 916 2225 ταῖς
946 2147 1138 2232 ὁμολογίαις

113 2254 262 2338 ταύταις,
308 2255 381 2318 ἀλλ’
421 2253 556 2330 ἕκαστος
599 2253 710 2318 αὐτῶν
751 2254 935 2339 προφάσεις
976 2254 1138 2338 εὐλόγους

78 2379 94 2426 2
113 2363 327 2445 ποριζόμενος
345 2365 556 2425 πλεονεκτεῖν
522 2358 734 2446 ῑέπειράτο.
772 2346 971 2447 Κάσανδρος
990 2361 1028 2426 δὲ
1046 2361 1138 2446 ὁρων
1156 2383 1183 2424 ιο

112 2466 329 2552 Ἀλέξανδρον
356 2468 416 2531 τὸν
443 2464 560 2531 ἐκῬω
510 2465 662 2552 Ρωξάνης
685 2465 870 2550 αὐξόμενον
891 2469 947 2533 καί
969 2470 1052 2533 κατά
1075 2471 1138 2554 τήν

113 2575 331 2640 Μακεδονίαν
374 2575 495 2656 λόγους
537 2571 603 2638 ὑπό
645 2597 747 2639 τινων
790 2574 1104 2746 διαδιδομένουςὶ“
1085 2599 1138 2642 οτι

113 2684 253 2765 καθήκει
282 2679 442 2766 προάγειν
472 2678 508 2745 ἐκ
535 2688 592 2763 τής
616 2686 765 2765 φυλακής
787 2682 848 2745 τὸν
871 2682 974 2747 παῖδα
996 2681 1138 2767 καλιήν

113 2785 270 2875 πατρῴαν
288 2789 461 2870 βασιλείαν
479 2787 703 2872 παραδοῦναι,
723 2789 889 2872 φοβηθεὶς
905 2787 990 2874 ὑπὲρ
1009 2787 1190 2856 έαντοθεθν

113 2893 292 2979 προσέταξε
323 2896 472 2982 Γλαυκίᾳ
502 2903 548 2981 τῷ
580 2895 797 2978 προεστηκότι
827 2904 886 2979 τῆς
920 2904 980 2960 τοῦ
1017 2897 1138 2974 παιδὸς
1157 2917 1184 2959 ιι

114 3006 264 3086 φυλακής
289 3001 350 3085 τήν
375 3001 436 3083 μὲν
455 2999 618 3083 Ῥωξάνην
642 3000 698 3066 καὶ
721 3001 782 3065 τὸν
807 3000 945 3083 βασιλέα
967 3002 1138 3087 κατασφά-

114 3107 166 3184 ξαι
188 3107 243 3173 καλ
265 3108 391 3194 κρύψαι
413 3109 453 3172 τά
477 3108 623 3191 σώματα,
646 3108 683 3172 τὸ
707 3107 745 3172 δὲ
767 3108 906 3192 γεγονὸς
928 3109 1047 3193 μηδενὶ
1067 3121 1138 3177 τῶν

184 3264 239 3319 3τ
224 3266 274 3328 τὰς
297 3283 350 3320 om.
369 3265 400 3318 F.
472 3264 566 3319 4νεῶ
567 3264 632 3319 vF.
683 3286 736 3319 κοιτ
702 3262 870 3334 οιτειιόσμησε
893 3274 952 3328 τοῖς
976 3265 1137 3328 σκύλοιςΡ.

112 3336 395 3406 θδννήθηνδ.
481 3332 739 3403 8οὐαρ.λέιονΕ“
792 3336 1137 3402 ef.Liv.1X28;f.c.

107 3407 148 3460 12
170 3405 270 3477 μγέρις
294 3409 324 3463 F.
404 3408 440 3462 13
463 3405 595 3474 Ροξάνης
620 3408 642 3461 F
670 3423 787 3476 semper
869 3409 905 3462 16
930 3406 1078 3532 Ἆρροὲῗίαν
1104 3410 1137 3465 F.

93 3476 137 3528 22
152 3428 328 3548 διδομένους
344 3479 405 3536 RX.
462 3478 499 3535 24
516 3475 756 3549 παραδιδόναιδ.
808 3478 844 3533 26
863 3480 897 3534 ef.
912 3479 982 3534 Just.
1024 3479 1090 3548 Π,
1106 3487 1139 3550 ὃς

80 3544 175 3602 aliter
189 3549 281 3608 Paua.
302 3552 345 3608 IX
366 3561 392 3625 7,
409 3562 433 3612 2.
