2460 3848
438 192 591 260 01.11⁷‚42
612 198 663 247 εοιι
679 191 778 247 ποῶ.
1052 197 1115 261 211

168 331 239 406 Ἐπ’
263 340 423 425 ἄρχοντος
452 335 484 404 δ’
504 336 665 423 Ἀθήνησι
691 339 886 424 Δημητρίου
915 346 976 404 τοῦ
1010 339 1171 423 Φαλη-2λ

99 445 181 532 ρέως
207 447 270 531 τήν
293 445 423 512 ύπατον
448 445 554 531 ἀρχήν
576 443 614 510 όν
632 443 735 536 Ῥώμη
763 444 953 531 παρέλαβον
975 447 1120 523 Κόιντος

102 553 228 637 Φάβιος
253 553 291 619 τὸ
316 554 474 637 δεύτερον
497 552 553 618 καί
576 552 676 629 Γάιος
697 552 859 638 Μάρκιος.
906 550 961 618 ἐπὶ
983 552 1021 618 δὲ
1043 552 1120 618 τού-

98 683 166 726 των
185 659 428 742 Πτολεμαίοςὸ
451 668 509 743 τής
525 659 702 742 Αἰγύπτου
721 658 909 741 βασιλεύων
927 661 1120 741 πυθόμενος

68 769 177 844 ιτοδς
201 767 309 844 λδίονς
331 768 536 852 στρατηγοὺς
558 765 821 849 ἀποβεβληκέναι
843 767 902 843 τὰς
923 763 962 831 έν
983 769 1121 854 Κιλικίᾳ

98 876 225 957 πόλεις,
255 873 400 952 πλεύσας
423 875 504 957 μετδι
526 872 698 955 δυνάμεως
721 870 775 938 ἐπὶ
801 873 973 957 Φασήλιδα
996 874 1120 958 ταύτην

98 981 160 1064 μὲν
183 979 465 1067 ἐξεπολιόρκησεν,
491 981 539 1056 είς
561 979 599 1045 δὲ
621 981 682 1064 τήν
705 981 837 1045 Λυκίαν
858 981 1121 1066 παρακομισθείς

100 1087 238 1163 Ξάνθον
275 1087 535 1173 φρουρουμένην
568 1085 627 1151 ὑπ’
653 1082 847 1170 Ἀντιγόνου
883 1088 966 1153 κατά
1001 1087 1121 1172 κράτος

99 1187 196 1260 εἷλεν.
249 1189 319 1260 εἶτα
350 1203 391 1280 τή
421 1195 546 1283 Καύνφ
579 1194 812 1279 προσπλεύσας
840 1195 902 1278 τήν
930 1194 992 1277 μὲν
1021 1197 1154 1263 πόλινε

55 1322 81 1363 ιο
99 1300 279 1387 παρέλαβε,
314 1302 373 1379 τδις
406 1301 445 1367 δὲ
476 1300 671 1387 ἀκροπόλεις
704 1300 958 1386 φρουρουμένας
990 1310 1030 1386 τῇ
1062 1303 1121 1389 βίηι
1162 1320 1164 1322 ’

98 1408 299 1492 κατισχύσας
319 1409 358 1473 τὸ
380 1408 443 1490 μὲν
461 1405 659 1494 Ἡράκλειον
681 1405 797 1490 ἑξείλε,
824 1408 862 1472 τὸ
886 1407 924 1473 δὲ
951 1409 1121 1494 Περσικὸν

99 1516 319 1601 παραδόντων
355 1525 423 1579 τῶν
460 1524 669 1611 στρατιωτῶν
705 1513 899 1600 ὑποχείριον
934 1512 1120 1599 ἐποιήσατο.

45 1623 184 1705 4ιεμετδι
216 1622 254 1687 δὲ
285 1629 388 1686 ταῦτα
425 1622 472 1697 είς
507 1622 570 1706 τήν
601 1625 683 1686 Κῶν
714 1621 859 1699 πλεύσας
894 1620 1155 1704 μετεπέμψατοε

100 1734 321 1812 Πτολεμαῖον,
344 1727 381 1805 ὃς
402 1712 450 1792 ών
468 1727 671 1813 ἀδελφιδοῦς
689 1723 883 1811 Ἀυτιγόνου
902 1728 957 1794 καί
976 1727 1121 1811 δύναμιν

56 1855 82 1898 ιι
99 1835 359 1918 πεπιστευμένος
385 1843 506 1900 τοῦτον
532 1834 594 1917 μὲν
621 1833 788 1918 κατέλιπε,
819 1836 904 1921 πρὸς
931 1835 968 1906 δὲ
995 1840 1121 1901 Πτολε-

100 1953 199 2026 μαίου
231 1943 472 2027 κοινοπραγίαν
504 1940 642 2008 όιίθειο.
696 1941 902 2018 πλεύσαντος
934 1943 966 2006 δ’
991 1939 1028 2007 έκ
1063 1953 1122 2028 τής

100 2049 266 2127 Χαλκίδος
289 2048 392 2113 αὐτοῦ
416 2049 472 2114 καί
493 2047 713 2131 κομισθέντος
731 2049 778 2125 είς
797 2053 878 2113 Κῶν
897 2049 934 2113 τὸ
952 2048 1014 2130 μὲν
1032 2061 1121 2133 πρῶ-

100 2179 161 2222 τον
190 2156 208 2222 ὁ
235 2159 442 2237 Πτολεμαῖος
472 2155 721 2241 φιλανθρώπως
752 2154 855 2220 αὐτὸν
886 2154 1120 2239 προσεδεξατο·

102 2256 172 2328 είτα
195 2260 284 2348 δρῶν
307 2262 662 2347 πεφρονηματισμένον
683 2262 739 2327 καί
761 2264 840 2339 τοὺς
861 2262 1025 2346 ἡγεμόνας
1051 2263 1121 2345 ὁμι-

56 2389 84 2430 ιο
102 2370 188 2446 λίαις
210 2369 265 2434 καί
288 2368 428 2454 δωρεαῖς
450 2366 766 2453 ἐξιδιοποιούμενον,
793 2369 958 2454 φοβηθείς
979 2372 1024 2454 μή
1046 2394 1122 2435 τινα

101 2472 285 2560 ἐπιβουλήν
312 2478 552 2559 μηχανήσηται,
583 2475 718 2559 φθάσας
746 2475 849 2541 αὐτὸν
876 2475 1040 2560 συνέλαβε
1066 2479 1122 2544 καί

102 2592 192 2648 πιείν
209 2582 333 2648 κώνιον
352 2582 591 2666 συνηνάγκασε.
628 2585 706 2659 τοὺς
726 2583 764 2647 δὲ
787 2587 1122 2669 συνηκολουθηκότας

103 2689 303 2775 στρατιώτας
339 2687 549 2773 ἐπαγγελίαις
584 2689 824 2774 δημαγωγήσας
864 2690 1012 2774 κατέμιξε
1053 2701 1124 2769 τοῖς

102 2792 179 2879 μεθ’
197 2793 318 2861 ἑαυτοῦ
342 2794 622 2881 στρατευομένοις.

57 2923 84 2965 ιι
166 2899 252 2986 Ἅμα
288 2902 326 2967 δὲ
361 2903 492 2979 τούτοις
528 2901 764 2988 πραττομένοις
796 2903 1026 2990 Πολυπέρχων
1062 2905 1123 2986 μὲν
1133 2905 1176 2970 28

102 3009 271 3095 ήθροικδις
298 3008 405 3094 διδράν
428 3009 573 3091 δύναμιν
595 3012 780 3094 κατήγαγεν
803 3008 858 3076 όπί
882 3013 944 3096 τήν
966 3007 1124 3099 πατρρίαν

172 3139 193 3204 '8
220 3149 256 3202 de
283 3148 377 3203 chron.
407 3148 441 3204 cf.
467 3148 667 3204 Binneboessel
687 3149 705 3204 l.
720 3149 738 3205 l.
762 3155 929 3219 p·103sqq.
1003 3150 1021 3205 4
1046 3152 1125 3223 βασι-

103 3220 202 3292 λεύων]
223 3220 401 3275 δυναστεύων
418 3221 441 3273 F
459 3220 506 3288 (of.
524 3219 575 3273 XX
595 3226 637 3288 19,
652 3224 688 3289 3).
759 3222 778 3276 5
800 3225 865 3285 τούς
883 3219 974 3284 ἰδίους
993 3225 1125 3291 στρατιώ-

103 3312 154 3355 τας
180 3291 230 3345 καί
258 3292 427 3361 στρατηγούς
453 3290 479 3344 Χ
565 3291 584 3346 6
611 3291 758 3362 δυνάμεων
782 3292 815 3347 X.
895 3293 937 3348 18.
961 3294 994 3349 l?
1020 3300 1068 3349 Κῶ
1094 3296 1124 3350 F.

105 3362 141 3417 14
159 3363 329 3431 ἀδελφιδοδις
346 3362 397 3416 RX
416 3363 462 3432 (cf.
481 3362 577 3429 1V40‚
593 3369 621 3430 13
640 3363 679 3416 XI
697 3370 740 3432 61,
755 3367 790 3434 3).
864 3365 899 3418 15
919 3365 953 3420 cf.
971 3364 1022 3420 XX
1042 3373 1084 3434 19,
1100 3373 1124 3421 2.

105 3432 142 3488 16
160 3431 300 3489 ίντέθειτο
314 3434 349 3501 F3
369 3432 530 3489 συνετίθετο
548 3434 678 3491 Kallenb.
693 3435 706 3489 Ι
723 3452 751 3504 p.
767 3442 809 3490 21.
878 3436 974 3490 lm
991 3438 1140 3492 κοῶ-ἱξ-

107 3505 333 3575 ιδιοποιούμενον
347 3522 401 3561 om.
413 3504 446 3561 X.
501 3505 537 3562 22
555 3507 662 3564 κώνιον
677 3506 755 3562 mm
771 3522 876 3561 mm
886 3501 1057 3573 mm
1064 3498 1171 3554 Μὴ-

104 3574 297 3646 ιιατηνοίγιιαοε
313 3577 345 3634 Κ.
422 3578 459 3636 26
479 3583 688 3654 συνηθροικδος
702 3580 743 3636 Y.
784 3583 915 3644 κατήηεν
930 3567 1037 3674 55ng
