2460 3848
436 178 775 246 mmmmm.
1050 183 1115 247 m

96 329 151 392 καί
173 336 256 402 ναῦς
275 325 540 390 ἀποστειλάντων
559 323 576 389 ὁ
595 325 657 406 μὲν
670 324 873 407 Κλεώνυμος
891 322 946 389 ἐπί
964 325 1115 412 Ταινάρῳ

96 445 152 518 τής
166 413 360 516 Λακωνικῆς
375 431 594 515 ξενολογήσας
613 431 812 516 στρατιώτας
831 434 1116 516 πεντακισχιλίους

96 537 268 622 συντόμως
285 539 507 605 κατέπλευσεν
522 540 568 616 είς
583 537 743 624 Τάραντα.
775 535 925 604 ἐνταῦθα
943 538 981 603 δέ
996 544 1116 620 μισθο-

96 643 224 733 φόρους
252 645 414 732 ἀθροίσας
441 647 563 722 ἀλλους
591 645 652 710 οὐκ
675 642 831 721 ἐλάττους
854 656 922 712 τῶν
945 645 1116 731 προτέρων
1164 724 1168 730 ,

65 754 281 839 εκατέγραφε
316 754 372 818 καί
408 756 487 829 τοὺς
518 755 709 828 πολιτικοὺς
740 753 858 830 πεζοὺς
888 751 950 832 μὲν
981 754 1117 828 πλείους

95 872 162 926 τῶν
185 861 381 945 δισμυρίων,
406 862 515 936 ίππεῑς
538 859 576 924 δὲ
599 859 790 942 δισχιλίους.
832 859 1054 942 προσελάβετο
1079 858 1117 923 δέ

93 978 163 1032 τῶν
189 990 223 1032 τε
251 968 323 1031 κατ’
341 964 484 1032 Ἰταλίαν
503 964 674 1050 Ἑλλήνων
696 968 774 1042 τοὺς
798 967 974 1042 πλείστους
1001 967 1056 1031 καί
1078 967 1116 1030 τὸ

96 1085 163 1140 τῶν
194 1076 402 1139 Μεσσαπίων
434 1070 543 1150 ἔθνος.
599 1073 702 1156 ἀδρᾶς
733 1066 796 1137 οὖν
833 1072 1005 1154 δυνάμεως
1041 1073 1117 1156 περὶ
1137 1089 1163 1164 34

97 1182 200 1246 αὐτὸν
228 1182 330 1265 ούσης
362 1182 395 1245 οί
424 1181 485 1263 μὲν
512 1180 680 1245 Λευκανοί
708 1179 971 1263 καταπλαγέντες
1000 1182 1117 1264 φιλίαν

43 1283 294 1393 4ἶὲἳέποιήσαντο
317 1289 401 1373 πρὸς
423 1290 501 1365 τοὺς
525 1288 765 1370 Ταραντίνους,
789 1297 857 1352 τῶν
880 1286 918 1351 δὲ
937 1291 1115 1351 Μεταπον-

96 1397 200 1460 τίνων
223 1395 263 1460 οὐ
292 1392 525 1480 προσεχόντων
548 1394 637 1479 αὐτῷ
664 1396 743 1469 τοὺς
766 1396 961 1469 Λευκανοὺς
987 1389 1117 1458 ἔπεισεν

97 1500 253 1584 ἐμβαλεῖν
277 1504 324 1578 είς
350 1503 412 1586 τήν
434 1501 546 1585 χώραν
569 1500 624 1565 καί
651 1510 695 1587 τῷ
723 1509 827 1587 καιρῷ
856 1499 1118 1581 συνεπιθέμενος

97 1607 317 1692 κατεπλήξατο
349 1611 428 1684 τοὺς
459 1608 744 1683 Μεταποντίνους.
800 1608 981 1693 παρελθὼν
1013 1607 1045 1670 δ’
1071 1608 1118 1684 είς

97 1717 159 1800 τήν
181 1716 281 1780 πόλιν
307 1714 351 1790 ὡς
379 1715 477 1797 φίλος
505 1712 665 1798 ἐπράξατο
694 1713 755 1794 μὲν
784 1709 947 1799 ἀργυρίου
975 1712 1119 1779 τάλαντα

53 1845 78 1885 ιε
97 1824 198 1887 πλείω
235 1832 302 1886 τῶν
332 1818 523 1903 ἑξακοσίων,
560 1821 731 1896 διακοσίας
768 1821 805 1884 δὲ
837 1820 1029 1905 παρθένους
1061 1821 1119 1897 τάς

97 1927 359 2013 ἐπιφανεστάτας
379 1925 499 2009 ἐλαβεν
522 1929 569 2004 είς
592 1927 744 2012 ὁμηρίαν,
769 1928 830 2011 ούχ
854 1926 939 1992 ούτω
963 1936 1021 2010 τής
1043 1927 1120 2010 περὶ

97 2036 159 2117 τήν
194 2035 307 2098 πίστιν
344 2033 526 2119 ἀσφαλείας
563 2033 671 2120 χάριν,
708 2035 751 2110 ως
788 2042 846 2117 τής
883 2035 969 2110 ίδίας
1006 2033 1119 2099 ἕνεκεν

97 2141 259 2224 λαγνείας.
315 2140 522 2222 ἀποθέμενος
559 2143 623 2226 γάρ
660 2142 721 2225 τήν
757 2143 956 2225 Λακωνικήν
993 2139 1154 2224 ἐσθήται

98 2246 235 2311 διετέλει
266 2258 406 2332 τρυφῶν
438 2248 493 2312 καί
524 2250 603 2324 τοὺς
635 2248 875 2324 πιστεύσαντας
904 2247 993 2335 αὐτῷ
1022 2271 1120 2313 κατα-

53 2377 79 2416 εο
98 2353 334 2435 δουλούμενος·
359 2355 555 2438 τηλικαύτας
577 2356 640 2440 γάρ
664 2352 749 2439 έχων
768 2354 926 2436 δυνάμεις
948 2354 1004 2419 καί
1021 2377 1120 2438 χορη-

98 2463 172 2543 γίας
204 2461 305 2526 οὐδὲν
336 2470 394 2544 τής
425 2462 583 2546 Σπάρτης
615 2460 708 2540 ἀξιον
740 2459 888 2545 ἔπραξεν.
942 2459 1118 2543 ἐπεβάλετο

97 2567 158 2649 μέν
181 2569 245 2653 γάρ
273 2566 327 2632 ἐπί
349 2570 411 2652 τήν
434 2571 593 2634 Σικελίαν
617 2571 820 2653 στρατεύειν,
848 2569 892 2644 ὡς
915 2569 977 2652 τήν
998 2591 1119 2652 τυραν-

98 2675 176 2739 νίδα
198 2673 260 2755 μὲν
281 2675 477 2740 καταλύσων
499 2676 561 2758 τήν
576 2673 830 2759 Ἀγαθοκλέους,
852 2676 914 2759 τήν
937 2675 969 2740 δ’
982 2675 1121 2739 αὐτονο-

96 2783 178 2863 μίαν
196 2790 264 2858 τοῖς
283 2783 497 2858 Σικελιώταις
520 2781 810 2865 ἀποκαταστήσων,
833 2781 1062 2867 ὑπερθέμενος
1083 2781 1121 2845 δὲ

54 2912 80 2951 τε
98 2887 153 2954 ἐπί
179 2896 239 2952 τοῦ
268 2890 432 2973 παρόντος
459 2889 584 2973 ταύτην
606 2891 668 2973 τήν
691 2891 866 2972 στρατείαν
890 2886 1050 2954 ἔπλευσεν
1073 2889 1121 2964 είς

98 2997 280 3080 Κόρκυραν
298 2996 354 3060 καί
372 2999 536 3079 κρατήσας
558 3007 615 3080 της
639 2998 765 3072 πόλεως
788 2995 963 3082 χρημάτων
981 3018 1016 3060 τε
1039 3000 1120 3079 πλή-

98 3109 162 3178 θος
192 3100 404 3186 εἰσεπράξατο
437 3104 493 3167 καί
523 3104 678 3188 φρουράν
706 3101 935 3185 ἐγκατέστησε,
966 3102 1121 3166 διανοού-

170 3242 188 3295 5
207 3241 255 3295 καί
275 3257 327 3295 om.
343 3241 372 3294 F.
445 3241 463 3296 8
481 3250 536 3295 τῶν
555 3239 723 3308 Μεσσηνίων
742 3238 773 3296 τδ
793 3241 879 3301 ἔθνος
896 3238 929 3291 Χ.
1003 3240 1039 3293 10
1056 3241 1121 3302 τοὺς

99 3329 153 3366 om.
172 3312 205 3365 X.
279 3313 314 3366 10
340 3312 434 3366 adnot.
461 3313 497 3367 de
522 3313 686 3380 Metaponto
706 3329 723 3365 a
743 3319 767 3366 3.
783 3329 817 3365 m.
842 3312 872 3364 in
894 3327 983 3380 marg.
1007 3311 1067 3365 cod.
1087 3312 1120 3366 R.

98 3383 134 3436 11
154 3383 244 3438 ἔπεισε
264 3385 445 3454 συνεμβαλεῖν
460 3383 489 3437 F.
545 3384 580 3437 13
598 3380 749 3451 κατέπληξε
768 3385 797 3437 F.
853 3382 889 3436 16
907 3380 1027 3451 ὁμηρίαν
1046 3382 1120 3436 libri.

100 3452 188 3516 ούτως
200 3454 233 3510 X.
289 3456 324 3511 18
338 3452 478 3526 λαγνείας]
494 3453 640 3524 ἀγεννείας
653 3454 711 3509 RX.
750 3451 924 3522 ἀποθέμενοι
937 3452 969 3507 X.
1023 3454 1057 3507 21
1073 3453 1121 3507 ἐπ-

100 3523 227 3594 εβάλλετο
241 3527 271 3581 Ρ.
327 3527 362 3580 22
381 3527 556 3594 στρατεύσειν
571 3527 648 3580 Gem.
704 3526 739 3580 25
753 3526 803 3596 τήν
818 3523 964 3593 στρατείαν
978 3525 1082 3593 ταύτην
1096 3524 1121 3576 Χ

99 3596 204 3664 ταύτην
224 3598 275 3668 τὴν
297 3598 428 3666 στρατιάν
447 3599 477 3663 F,
500 3614 569 3652 corr.
587 3604 612 3653 2.
627 3616 662 3652 m.
737 3597 772 3651 26
790 3595 939 3665 Κέρκυραν
958 3597 980 3648 Ε
999 3613 1138 3657 &mm

101 3666 321 3734 &mmm

942 3743 1001 3796 ‘N
