2460 3848
100 279 166 346 320
449 275 563 332 Diodor.
573 275 624 330 XX
640 281 698 332 102.
710 281 770 333 103.

99 431 159 487 τοῦ
182 424 319 506 τείχους.
366 415 436 488 είτα
459 423 492 487 ολ
514 421 575 504 μέν
598 422 743 507 φρουροί
766 421 960 507 συνέφυγον
983 423 1030 499 είς
1056 424 1119 506 την

100 528 292 615 ἀκρόπολιν,
316 527 333 593 6
358 528 396 593 δὲ
418 532 609 613 Λημητριος
631 539 688 613 της
710 530 837 605 πόλεως
858 529 1036 613 κυριεύσας
1058 531 1119 594 τὸν

100 633 219 717 μεταξὺ
260 638 365 701 τόπον
400 646 468 701 τῶν
505 636 619 701 οἰκιῶν
655 636 710 700 καί
750 645 808 719 τῆς
844 636 945 721 άκρας
981 645 1119 721 κατεῖχε.

100 741 277 824 μέλλοντος
306 739 336 806 δ’
355 742 458 807 αὐτοῦ
484 743 631 825 μηχανάς
653 741 835 827 προσάγειν
856 743 1118 828 καταπλαγέντες

99 851 161 933 την
183 848 245 931 μὲν
268 848 449 934 ἀκρόπολιν
472 845 516 913 δι’
535 847 710 932 ὁμολογίας
732 847 932 933 παρέδοσαν,
961 849 1056 914 αὐτοὶ
1083 847 1114 913 δ’
1151 871 1165 911 ε

100 955 312 1021 ἀπέπλευσαν
352 957 400 1032 είς
435 956 619 1039 Αίγυπτον.
678 954 696 1020 6
738 955 775 1020 δὲ
810 959 1001 1040 Δημήτριος
1040 959 1118 1034 τοὺς

100 1065 310 1138 Σικυωνίους
350 1064 398 1139 είς
438 1065 499 1147 τὴν
536 1061 717 1147 ἀκρόπολιν
753 1064 938 1144 μετοικίσας
978 1065 1016 1128 τὸ
1057 1063 1119 1145 μέν

99 1180 144 1254 τῷ
178 1169 285 1251 λιμένι
316 1170 488 1236 συνάπτον
519 1169 617 1256 μέρος
652 1179 710 1253 τῆς
745 1170 872 1245 πόλεως
902 1169 1118 1254 κατέσκαψεν,

100 1274 312 1361 <ἀν>οχύρου
335 1282 504 1354 παντελῶς
530 1277 626 1353 όντος
653 1284 713 1341 τοῦ
740 1277 860 1358 τόπου,
888 1286 933 1364 τῷ
961 1276 999 1341 δέ
1025 1281 1118 1342 πολι-

99 1393 178 1469 τικῷ
205 1387 328 1469 πλήθει
356 1386 658 1466 συνεπιλαβόμενος
685 1391 743 1466 της
767 1381 956 1464 οἰκοδομίας
979 1384 1034 1448 καί
1056 1386 1118 1468 την
1138 1406 1164 1444 10

100 1487 297 1576 ἐλευθερίαν
320 1489 589 1575 ἀποκαταστήσας
616 1500 721 1571 τιμῶν
745 1488 889 1554 ἰσοθέων
912 1486 1006 1574 ἔτυχε
1028 1492 1118 1575 παρὰ

65 1605 169 1673 3τοῖς
200 1591 238 1662 εὖ
271 1603 433 1663 παθοῦσι·
470 1596 688 1682 Δημητριάδα
724 1596 786 1678 μὲν
821 1597 885 1680 γάρ
921 1598 982 1680 την
1019 1599 1118 1662 πόλιν

100 1703 288 1787 ὠνόμασαν,
314 1705 438 1779 θυσίας
466 1702 503 1768 δέ
531 1704 586 1768 καὶ
613 1703 829 1789 πανηγύρεις,
859 1699 906 1767 ἔτι
934 1703 966 1766 δ’
988 1702 1118 1787 ἀγῶνας

100 1809 306 1895 ἐψηφίσαντο
323 1815 496 1875 συντελεῖν
512 1810 600 1896 αὐτῷ
616 1806 686 1875 κατ’
700 1807 855 1874 ένιαυτὸν
870 1810 926 1874 καί
942 1811 999 1886 τάς
1017 1811 1118 1887 άλλας

100 1915 278 1998 ἀπονέμειν
300 1918 394 2000 τιμάς
417 1917 461 1993 ὡς
483 1919 605 2006 κτίστη.
642 1916 725 1981 ἀλλά
747 1925 850 1981 ταῦτα
872 1916 933 1998 μέν
956 1915 974 1981 6
997 1919 1118 2002 χρόνος
1137 1938 1161 1976 ιε

100 2023 300 2108 διαληφθεὶς
335 2023 536 2109 πραγμάτων
567 2028 760 2106 μεταβολαῖς
794 2023 978 2108 ἠκύρωσεν,
1015 2025 1048 2089 ολ
1079 2023 1117 2088 δέ

99 2131 282 2196 Σικυώνιοι
313 2135 425 2218 πολλῷ
457 2133 629 2214 κρείττονα
662 2132 901 2212 μεταλαβόντες
931 2132 1036 2196 τόπον
1068 2130 1117 2194 δι-

99 2236 252 2303 ετέλεσαν
275 2235 313 2303 έν
336 2238 425 2323 αὐτῷ
453 2236 547 2321 μέχρι
574 2247 641 2301 των
668 2236 745 2303 καθ’
761 2238 846 2321 ἡμᾶς
872 2239 1004 2322 χρόνων
1031 2235 1117 2302 ἐνοι-

64 2353 243 2421 4κοῦντες.
293 2343 311 2409 6
341 2345 404 2429 γὰρ
435 2354 492 2428 της
521 2343 729 2427 ἀκροπόλεως
757 2346 933 2427 περίβολος
961 2342 1117 2421 ἐπίπεδος

100 2451 147 2516 διν
169 2452 225 2516 καὶ
251 2451 352 2535 μέγας
378 2460 537 2534 κρημνοῖς
565 2450 799 2534 δυσπροσίτοις
829 2450 1011 2536 περιέχεται
1033 2472 1116 2516 παν·
1135 2472 1161 2511 ιι

98 2560 254 2642 ταχόθεν,
282 2559 364 2623 ὥστε
392 2558 524 2642 μηδαμῇ
553 2557 722 2622 δύνασθαι
748 2558 895 2642 μηχανάς
922 2557 1115 2642 προσάγειν·

99 2661 165 2748 ἔχει
195 2664 232 2728 δέ
261 2665 316 2729 καὶ
346 2669 476 2748 πλῆθος
502 2662 645 2747 ὑδάτων,
674 2661 707 2741 ἐξ
736 2658 776 2728 οὗ
803 2666 939 2748 κηπείας
967 2665 1116 2743 δαψιλεῖς

98 2771 352 2854 κατεσκεύασαν,
367 2770 450 2835 ὥστε
468 2771 530 2856 την
543 2768 695 2836 ἐπίνοιαν
712 2780 772 2836 τοῦ
790 2771 952 2854 βασιλέως
964 2773 1020 2837 καὶ
1033 2774 1116 2856 πρὸς

99 2877 285 2944 ἀπόλαυσιν
298 2878 468 2962 εἰρηνικὴν
481 2878 537 2943 καί
554 2880 638 2963 πρὸς
656 2877 840 2962 ἀσφάλειαν
857 2877 1003 2961 πολέμου
1023 2877 1116 2956 δόξαι

98 2991 205 3062 καλῶς
228 2991 472 3071 προεωρᾶσθαι.
863 3040 866 3045 .
1135 3003 1160 3042 ει

170 3138 310 3197 1226'16.
349 3139 517 3214 συνέφυγον]
538 3138 730 3196 συνεισέπεσον
749 3142 799 3195 RX
820 3138 970 3196 συνέπεσον
989 3143 1024 3208 F3
1046 3158 1114 3196 corr.

98 3214 187 3268 Bekk.
260 3214 284 3267 6.
302 3215 315 3269 7
336 3212 351 3269 6
370 3214 401 3268 66
420 3215 577 3282 Δημήτριος
599 3211 895 3282 πείσας-μετοικίσαι
913 3214 943 3267 F.
973 3214 1003 3266 in
1026 3229 1113 3281 marg.

100 3285 203 3339 codicis
222 3285 248 3338 R
267 3291 291 3341 3.
306 3304 342 3340 m.
362 3286 397 3339 de
417 3285 535 3353 Sicyone
552 3284 622 3338 urbe
641 3284 780 3352 quaedam
799 3284 952 3340 adnotavit.
1013 3283 1031 3338 8
1049 3304 1114 3336 κατ-

99 3353 228 3426 όσκαψαν
246 3357 276 3412 F.
331 3357 348 3410 9
368 3357 510 3427 ὀχυροῖλῖ
528 3357 717 3425 (supraposita
736 3355 772 3409 ab
792 3361 816 3410 2.
828 3374 864 3409 m.
879 3357 948 3424 virg.
964 3355 1035 3421 crit.)
1053 3353 1113 3417 XF3

98 3444 167 3482 eon:
187 3427 271 3481 Dind.
309 3427 396 3490 όντως
413 3426 446 3481 X.
502 3427 537 3482 10
556 3424 806 3497 συνεπιβαλόμενος
819 3428 845 3480 Β,
864 3429 942 3495 (corr.
962 3431 987 3479 2.
996 3427 1043 3493 m.)
1058 3424 1113 3478 XF.

82 3497 125 3548 12
140 3497 178 3554 σά
194 3497 273 3554 Ρίαί,
292 3499 376 3556 Dem.
398 3504 440 3556 26.
513 3498 550 3554 14
572 3499 641 3553 αότᾶ
668 3515 721 3553 om.
743 3497 801 3552 RX.
873 3497 909 3552 18
929 3496 1113 3569 ἐνοικοῦντες]

54 3565 225 3704 ἧῖἕῗνῗς
245 3572 342 3629 Ηθιίλ.
361 3573 405 3629 HI
423 3592 450 3645 p.
468 3577 514 3631 39.
587 3555 711 3628 βλάστε
731 3572 843 3640 μηδαμῖη
858 3568 998 3623 δάσασθαι
1016 3585 1069 3623 om.
1085 3569 1114 3633 F,

149 3682 156 3694 .
198 3661 263 3700 ,ωε
