2460 3848
459 170 613 238 01.118‚3:
633 175 684 225 οοο
699 186 724 224 a.
735 169 798 226 chr.
1072 174 1137 239 279

196 323 263 382 Τοῦ
296 316 328 380 δ’
353 298 526 381 ἐνιαυσίου
557 315 681 400 χρόνου
714 312 952 400 διεληλυθότος
979 315 1193 401 Ἀθηνησιῖδ

120 424 181 506 μὲν
207 420 288 508 ἦρχε
314 421 497 507 Κόροιβος,
527 420 565 487 έν
591 421 694 513 Ῥώμη
722 422 759 488 δέ
788 423 850 506 την
878 422 1007 488 ύπατον
1036 423 1141 508 ἀρχην

120 527 311 616 παρέλαβον
337 530 481 608 Κόιντος
508 528 662 614 Μάρκιος
688 529 744 594 ’καί
771 525 922 607 Πόπλιος
944 533 1141 615 Κορνήλιος.

120 637 175 704 ἐπί
203 638 240 703 δὲ
267 637 397 702 τούτων
422 637 612 721 Ἀντίγονος
641 636 659 702 ὁ
687 636 857 720 βασιλεύς,
886 642 1142 722 τελευτησαντος

89 746 210 832 ταύτῷ
239 753 300 809 τοῦ
328 743 492 830 νεωτέρου
522 755 590 809 τῶν
617 745 702 809 υἱῶν
732 745 902 828 Φοίνικος,
932 752 1053 809 τοῦτον
1080 743 1142 837 μὲν
1183 783 1186 791 -

120 856 298 935 βασιλικῶς
325 848 446 935 ἔθαψε,
476 852 536 916 τὸν
564 850 602 915 δὲ
628 853 823 936 Δημήτριον
849 849 886 916 έκ
913 860 971 935 τῆς
997 851 1141 936 Κύπρου

120 958 412 1041 μεταπεμψάμενος
438 960 575 1042 ἥθροιζε
604 959 662 1035 τάς
691 957 849 1041 δυνάμεις
879 960 926 1035 είς
953 960 1014 1043 τὴν
1039 956 1142 1022 Ἀντι-

120 1066 248 1149 γονίαν.
290 1061 399 1149 έκρινε
422 1064 460 1129 δὲ
483 1065 675 1149 στρατεύειν
698 1063 752 1130 έπλ
775 1067 836 1150 την
858 1065 1042 1148 Αἴγυπτον.
1084 1063 1178 1128 am

120 1173 176 1249 τὸς
211 1171 273 1253 μὲν
307 1166 370 1236 οὖν
401 1178 461 1237 τοῦ
498 1174 597 1249 πεζοῦ
634 1172 876 1256 στρατεύματος
910 1171 1143 1256 ἀφηγούμενος

76 1301 102 1340 ω
120 1288 245 1364 προῆγε
282 1278 338 1344 διά
374 1288 431 1362 της
468 1280 594 1361 Κοίλης
628 1280 771 1363 Συρίας,
808 1275 893 1362 ἔχων
928 1280 1045 1356 πεζοὺς
1081 1277 1143 1360 μέν

120 1388 256 1463 πλείους
277 1396 346 1451 τῶν
367 1384 642 1469 ὀκτακισμυρίων,
668 1387 776 1462 ἱππεῖς
800 1384 837 1449 δὲ
859 1384 935 1469 περλ
959 1383 1143 1469 ὀκτακισχι-
1171 1422 1174 1427 ν

121 1495 229 1578 λίους,
261 1490 444 1577 ἐλέφαντας
473 1491 511 1556 δὲ
540 1491 628 1576 τρισί
657 1493 793 1568 πλείους
824 1502 892 1557 τῶν
924 1490 1142 1575 ὀγδοήκοντα·

121 1609 166 1686 τῷ
190 1599 228 1664 δὲ
250 1600 430 1685 Δημητρίῳ
453 1597 625 1683 παραδοὺς
650 1600 710 1664 τὸν
733 1600 853 1664 στόλον
877 1596 1033 1675 συνέταξε
1060 1613 1143 1680 συμ-

121 1712 307 1792 παραπλεῖν
325 1707 392 1789 ἀμα
411 1704 619 1794 πορευομένη
642 1713 682 1791 τῇ
706 1705 857 1790 δυνάμει,
879 1692 1143 1789 παρεσκευασμέ-

77 1833 103 1874 ισ
121 1837 191 1878 νων
209 1824 296 1878 νεῶν
314 1825 382 1878 τῶν
401 1812 539 1878 ἀπασῶν
557 1822 693 1896 μακρῶν
710 1812 773 1895 μὲν
792 1811 909 1878 ἑκατὸν
927 1813 1143 1905 πεντήκοντα,

122 1921 250 2004 πορίων
264 1920 302 1985 δὲ
320 1929 563 2006 στρατιωτικῶν
579 1917 708 2003 έκατόν,
726 1917 764 1984 ἐν
783 1912 833 1995 οίς
851 1916 1015 2000 ἐκομίζετο
1034 1921 1143 2000 βελῶν

122 2031 260 2110 πλῆθος.
300 2038 369 2094 τῶν
387 2027 425 2092 δὲ
447 2031 665 2117 κυβερνητῶν
684 2024 846 2108 οἰομένων
869 2026 941 2090 δεῖν
964 2023 1143 2106 ἀπομένειν
1163 2041 1178 2089 3

121 2135 183 2217 την
203 2143 261 2216 τῆς
279 2134 445 2212 Πλειάδος
468 2134 568 2198 δύσιν
586 2132 754 2198 δοκοῦσαν
772 2129 909 2198 έσεσθαι
927 2130 1004 2215 μεθ’
1020 2129 1144 2216 ἡμέρας

123 2240 221 2324 ὀκτώ,
248 2241 379 2318 τούτοις
406 2240 467 2323 μὲν
495 2239 689 2324 ἐπετίμησεν
717 2240 761 2316 ὡς
787 2239 1037 2324 κατορρωδοῦσι
1064 2239 1144 2314 τοὺς

77 2367 103 2406 ιο
121 2346 316 2431 κινδύνους,
347 2348 446 2424 αὐτὸς
476 2347 514 2412 δὲ
544 2346 816 2432 στρατοπεδεύων
845 2345 922 2439 περλ
950 2345 1058 2423 Γάζαν
1086 2345 1145 2409 καί

122 2453 278 2519 σπεύδων
296 2455 427 2539 φθάσαι
449 2455 511 2538 τὴν
528 2463 589 2518 τοῦ
608 2454 819 2535 Πτολεμαίου
838 2453 1050 2537 παρασκευὴν
1072 2461 1146 2528 τοῖς

121 2559 182 2641 μὲν
215 2561 428 2645 στρατιώταις
460 2563 659 2646 παρήγγειλε
696 2557 763 2644 δέχ’
790 2560 922 2644 ἡμερῶν
954 2556 1042 2643 ἔχειν
1073 2558 1144 2624 ἐπι-

122 2668 254 2751 σίτισιν,
282 2665 337 2733 έπλ
365 2667 403 2732 δὲ
429 2676 501 2745 ταίς
523 2671 682 2751 καμήλοις
704 2677 775 2743 ταῖς
799 2666 1054 2751 ἀθροισθείσαις
1075 2665 1144 2731 ὑπὸ

120 2784 188 2838 τῶν
208 2774 358 2859 Ἀράβων
380 2772 523 2858 ἐπέθηκε
551 2777 645 2840 σίτου
673 2773 837 2858 μυριάδας
861 2773 1030 2856 μεδίμνων
1053 2788 1143 2858 τρισ-

77 2888 104 2942 ω’
121 2881 257 2947 καίδεκα
274 2881 330 2946 καλ
347 2883 469 2967 χόρτου
488 2887 619 2966 πλῆθος
637 2891 707 2958 τοίς
729 2880 919 2965 τετράποσι·
941 2881 982 2946 τά
1004 2904 1039 2945 τε
1062 2879 1142 2963 βέλη

192 3039 211 3093 3
224 3035 344 3100 Κόιντος
358 3034 484 3099 Πόπλιος
497 3038 547 3091 καί
561 3037 692 3105 Μάρκιος
705 3037 860 3107 Κορνήλιος
869 3039 903 3105 F3
919 3038 953 3092 of.
969 3039 1026 3091 Liv.
1041 3035 1077 3090 IX
1096 3043 1144 3103 42;

122 3111 140 3163 f.
163 3127 186 3164 ο.
260 3110 277 3163 5
302 3106 444 3180 Φοίνικος]
472 3109 506 3162 ef.
530 3107 581 3165 XX
606 3114 647 3176 19,
664 3115 694 3177 ὃς
718 3109 845 3178 Droysen
867 3108 927 3163 112
954 3127 981 3177 p.
1002 3114 1053 3163 145
1072 3124 1097 3164 ο.
1114 3115 1144 3174 1ς

121 3181 226 3235 Beloch
243 3179 313 3234 1112
332 3199 359 3250 p.
376 3185 423 3247 9⁰3
450 3183 481 3234 at
506 3179 539 3234 οί.
562 3179 678 3234 NieseI
701 3199 728 3250 p.
748 3187 800 3234 322
816 3197 840 3235 ε.
858 3186 881 3234 1.
958 3180 976 3234 9
1003 3179 1053 3248 μὲν
1079 3175 1143 3251 οῦν]

123 3252 153 3306 δὲ
172 3251 231 3306 RX.
291 3251 325 3306 11
344 3248 586 3322 πεντακισμυρίων
600 3251 631 3316 F,
647 3268 715 3306 corr.
731 3258 755 3306 2.
770 3270 806 3306 m.
848 3252 913 3319 περὶ
932 3248 1144 3320 ὀκτακισχιλίων

122 3320 247 3393 ἀριθμὸν
274 3322 307 3376 Χ.
398 3323 434 3378 16
462 3320 584 3392 πυρείων
611 3323 641 3376 F.
698 3331 871 3391 στρατιωτῶν
898 3323 931 3389 R,
960 3339 1028 3377 corr.
1059 3328 1082 3377 1.
1107 3339 1143 3377 m.

122 3394 156 3448 17
185 3397 246 3449 δεῖν
272 3396 385 3449 ἀπιδεῖν
412 3393 491 3460 libri;
518 3412 600 3460 eorm
628 3395 663 3449 cf.
685 3393 725 3447 XI
743 3399 786 3460 81,
801 3400 830 3459 ῶς
854 3392 905 3447 XV
923 3399 997 3462 43,1
1022 3393 1142 3463 saepius.

122 3464 156 3519 21
175 3474 461 3534 τῶν-παρασκευῶν
479 3464 512 3519 X.
585 3466 621 3520 22
645 3463 799 3534 ἐπισίτησιν
817 3465 854 3518 Κ.
921 3465 965 3516 ‘ms
986 3464 1037 3514 ξοδ
1054 3465 1091 3511 ἢ
1106 3462 1164 3512 ὼε,

120 3537 261 3604 καμήλους
278 3537 329 3601 τάς
347 3535 557 3608 ἀθροισθείσας
574 3539 608 3595 Π.
679 3537 723 3593 Ἃ
735 3536 884 3607 Ἀρράβωυ
897 3533 943 3585 Ὦ.
977 3519 1189 3583 mas&-
