2460 3848
447 191 601 259 01.116‚1:
623 197 675 246 316
690 190 790 246 ηοω.
1084 195 1127 260 63

104 343 167 426 τήν
190 338 272 405 ὁδὸν
289 336 460 424 ἑωρᾶσθαι
478 339 539 422 τήν
557 337 826 423 στρατοπεδείαν,
845 336 1031 421 διέγνωσαν
1049 335 1129 402 ἀνα-

104 456 226 532 χωρεῖν
245 447 293 523 είς
310 447 389 523 τοὺς
408 443 566 529 ἐσχάτους
584 446 708 522 τόπους
725 451 784 528 τῆς
801 446 986 528 χειμασίας,
1002 445 1129 528 φοβού-

103 576 200 636 μενοι
230 554 274 637 μή
307 558 570 637 καταληφθῶσιν
600 551 667 616 ὑπὸ
699 561 766 616 τῶν
798 553 966 633 πολεμίων
997 551 1079 635 πρίν
1107 550 1128 636 ή

105 664 287 726 συνελθεῖν
309 660 523 744 πανταχόθεν
544 660 607 743 τήν
629 667 868 742 συμμαχοῦσαν
891 659 1044 741 δύναμιν.
1081 652 1163 725 ὧνκ

72 767 195 851 ιδρῶν
217 767 280 850 τήν
303 765 454 850 ἀθυμίαν
472 765 626 851 Εὐμενής
648 772 792 852 θαρρεῖν
814 766 1051 851 παρεκελεύετο
1073 765 1130 831 καί

104 872 218 957 μένειν
242 872 387 939 ἐπὶτῶν
411 873 500 959 ὅρων
522 879 581 957 τῆς
604 871 742 958 ἐρήμου·
769 871 945 959 εὑρηκέναι
967 875 1032 959 γάρ
1055 874 1130 957 τρό-

105 1002 172 1046 πον
202 977 246 1045 δι’
272 975 312 1046 οὗ
345 983 477 1065 ποιήσει
507 981 568 1045 τὸν
593 976 789 1064 Ἀντίγονον
819 979 963 1064 ὕστερον
994 978 1131 1063 ἡμέραις

105 1087 217 1173 τρισίν
238 1086 259 1172 ή
282 1086 435 1173 τέτταρσι
456 1085 718 1173 παραγενέσθαι·
741 1088 865 1153 τοότου
889 1087 926 1153 δὲ
946 1087 1129 1171 γενομένου

105 1195 168 1278 τήν
185 1193 247 1278 μὲν
265 1192 394 1260 έαυτῶν
412 1193 558 1275 δύναμιν
577 1193 701 1280 ῥᾳδίοις
719 1192 1029 1279 ἀθροισθήσεσθαι,
1051 1196 1130 1271 τοὺς

60 1325 88 1365 10
106 1302 145 1367 δέ
173 1303 353 1383 πολεμίους
383 1299 719 1385 καταπεπονημένους
750 1302 806 1367 καί
838 1302 973 1368 πάντων
1005 1299 1130 1378 ἐνδεεῖς

106 1409 206 1486 ὄντας
227 1408 441 1494 ὑποχειρίους
463 1409 674 1491 γενήσεσθαι.
715 1409 851 1474 πάντων
874 1408 912 1474 δέ
934 1407 1165 1489 θαυμασάν-3

106 1538 174 1580 των
195 1517 239 1580 ’τὸ
267 1512 458 1601 παράδοξον
480 1520 539 1599 τής
561 1512 759 1598 ἐπαγγελίας
780 1516 837 1581 καί
859 1515 1048 1599 ζητούντων
1069 1537 1130 1594 μα-

105 1628 186 1687 θεῖν
216 1624 251 1687 τί
280 1617 353 1686 ποτ’
381 1617 473 1686 ἔσται
503 1622 541 1686 τὸ
574 1621 765 1703 δυνάμενον
793 1627 941 1689 κωλῦσαι
970 1619 1130 1706 προάγειν

105 1731 186 1806 τοὺς
208 1727 396 1811 ἐναντίους,
424 1726 626 1812 προσέταξεν
649 1727 853 1795 ἀκολουθεῖν
876 1728 981 1814 ἑαυτῷ
1005 1728 1130 1803 πάντας

61 1857 88 1899 ιε
106 1837 185 1913 τοὺς
212 1836 378 1920 ἡγεμόνας
406 1836 488 1917 μετά
516 1846 585 1903 τῶν
616 1836 712 1901 ἰδίων
742 1847 962 1921 στρατιωτῶν,
994 1831 1131 1920 έχοντας

106 1940 144 2008 ἐν
162 1942 308 2027 ἀγγείοις
326 1945 457 2008 πλείοσι
474 1951 551 2027 πῦρ.
589 1939 801 2024 ἐκλεξάμενος
822 1942 860 2008 δδ
881 1949 941 2027 τῆς
962 1942 1129 2025 μετεώρου

106 2049 214 2135 χώρας
243 2051 349 2115 τόπον
377 2048 604 2136 ἐστραμμένον
634 2047 689 2115 ἐπὶ
717 2051 780 2133 τήν
809 2045 933 2134 ἔρημον
962 2049 1018 2114 καί
1047 2049 1130 2132 πρὸς

107 2157 169 2239 τήν
192 2155 428 2241 ἀποθεώρησιν
451 2158 665 2241 πανταχόθεν
688 2156 815 2241 εὐφυῆ,
843 2164 961 2239 σημεῖα
988 2154 1130 2237 θέμενος

107 2261 305 2349 περιέλαβεν
332 2264 377 2342 ὡς
404 2263 447 2329 ἀν
476 2262 705 2348 ἐβδομήκοντα
732 2262 878 2328 σταδίων
905 2261 1130 2348 περιφέρειαν.

60 2390 88 2431 ιο
107 2370 228 2436 διελὼν
251 2369 289 2435 δέ
311 2371 435 2446 τόπους
453 2368 578 2458 έκάστφ
596 2381 665 2436 τῶν
683 2370 1032 2436 συνακολουθούντων
1050 2385 1130 2434 συν-

108 2474 199 2554 έταξε
227 2477 348 2554 νυκτὸς
375 2485 443 2561 πῦρ
470 2477 565 2542 κάειν
593 2477 791 2555 διαστάντας
809 2477 854 2554 ὡς
876 2476 920 2542 ἀν
942 2476 1047 2542 εἴκοσι
1069 2480 1130 2561 πή-

107 2606 175 2668 χεις
193 2584 249 2649 καί
265 2584 349 2649 κατά
366 2583 428 2665 μέν
448 2585 511 2668 τήν
532 2584 669 2668 πρώτην
692 2585 846 2669 φυλακήν
869 2586 997 2669 πολλήν
1020 2587 1131 2670 φλόγα

106 2699 217 2756 ποιεῖν
239 2691 284 2769 ὡς
307 2688 350 2755 ἀν
372 2687 604 2775 ἐγρηγορότων
623 2687 672 2756 ἔτι
689 2690 744 2756 καί
762 2692 845 2776 πρὸς
867 2694 1053 2777 θεραπείαν
1075 2692 1130 2757 καί

107 2797 247 2863 δεῖπνον
274 2795 624 2882 παρασκευαζομένων,
654 2803 713 2882 τής
743 2797 781 2863 δέ
811 2798 968 2885 δευτέρας
997 2796 1130 2880 ἐλάττω,

61 2924 88 2966 τε
106 2904 163 2970 καί
185 2910 244 2989 τής
266 2906 378 2990 τρίτης
401 2902 577 2969 ἀπολιπεῖν
600 2903 697 2989 ὀλίγα
720 2910 888 2982 παντελῶς
910 2906 994 2970 ὥστε
1017 2906 1130 2970 δοκεῖν

107 3003 195 3077 είναι
216 3020 287 3088 τοῖς
309 3008 343 3089 ἐξ
367 3010 597 3097 ἀποστήματος
618 3018 811 3097 θεωροῦσιν
837 3011 1004 3097 ἀληθινήν
1033 3028 1129 3096 στρα-

178 3202 265 3274 Ῑτήν
284 3219 337 3259 om.
352 3203 390 3271 R,
410 3204 501 3274 suppl.
523 3211 546 3260 1.
561 3223 598 3259 m.
653 3204 756 3273 δπρλν
776 3206 964 3260 συνεισελθεῖν
983 3205 1012 3258 F.
1072 3204 1128 3260 ῦὸ

106 3273 236 3344 Εὐμενής
259 3275 290 3329 F.
341 3275 500 3330 ἐπεκαλεῖτο
525 3277 556 3329 F.
634 3276 961 3331 Sof.P1ut.Eum.15.
1035 3276 1070 3331 16
1093 3275 1127 3331 ef.

106 3345 240 3415 Polyaen.
262 3346 302 3400 IV
320 3352 345 3415 8,
360 3353 385 3401 4.
458 3347 493 3402 17
516 3348 566 3402 καί
586 3343 658 3416 πρὸς
675 3347 725 3417 τὴν
743 3344 883 3403 ἀπόθεσιν
903 3347 951 3401 καὶ
970 3344 1041 3415 πρὸς
1059 3349 1129 3400 ἀπο-

106 3419 249 3487 θεώρησιν
269 3416 303 3472 X.
377 3418 411 3473 21
437 3418 598 3480 διιστάντας
623 3418 703 3488 libri3
727 3435 800 3474 eon.
820 3418 913 3472 Dm.
968 3417 990 3470 δ’
1024 3414 1153 3472 ‹3³2ss-

107 3488 144 3544 οῖ.
162 3489 296 3558 Ροῖςοεω.
310 3488 327 3546 1.
338 3489 356 3544 l.
426 3489 462 3546 22
480 3490 530 3547 καλ
550 3509 605 3549 om.
618 3490 683 3548 RK.
721 3492 814 3548 πολῶν
829 3490 871 3544 θ.
942 3485 990 3539 Ἃ
1006 3492 1170 3542 *ww*

103 3556 230 3627 ασμίνων
245 3559 278 3614 X.
352 3560 390 3618 25
407 3566 477 3635 post
497 3563 583 3641 ὀλίγα
601 3566 686 3639 πυρὰ
707 3563 861 3624 εεοὶδιεεε
881 3545 1106 3616 mmmm.
