2460 3848
131 183 194 248 116
490 181 678 237 Dioflorffl
693 187 735 237 τι.
747 187 789 236 τε.
810 237 814 247 ,

128 328 201 392 τότε
224 328 372 392 Κόιντον
399 326 528 410 Φάβιον
550 327 606 394 καί
628 326 698 409 μετ’
720 326 824 408 αὐτοῦ
848 329 996 393 Κόιντον
1017 329 1149 396 Αὔλιον

92 433 304 519 τίππαρχον.
369 428 462 499 οὗτοι
509 433 548 499 δέ
594 435 652 512 τάς
698 434 856 517 δυνάμεις
901 437 1149 520 παραλαβόντες

127 539 350 626 παρετάξαντο
379 542 463 626 πρὸς
485 542 564 617 τοὺς
582 543 752 623 Σαμνίτας
772 541 851 626 περὶ
869 542 927 619 τάς
944 542 1150 626 καλουμένας

126 649 322 724 Λαυστόλας
357 648 413 713 καί
449 650 595 725 πολλοὺς
630 658 698 713 τῶν
730 658 940 733 στρατιωτῶν
973 647 1148 731 ἀπέβαλον.

126 765 250 841 τροπῆς
273 755 311 820 δὲ
332 754 513 839 γενομένης
534 755 725 836 καθ’ἀπαν
747 755 785 819 τὸ
808 755 1034 840 στρατόπεδον
1050 755 1069 821 ὁ
1087 755 1149 838 μὲν
1182 778 1194 816 ε

126 863 253 939 Αὔλιος
279 862 536 947 καταισχυνθεὶς
563 860 618 928 ἐπὶ
645 871 684 948 τή
716 871 807 948 φυγή
830 863 939 945 μόνος
954 860 1079 946 ὑπέστη
1102 873 1148 951 τῷ

127 968 190 1054 [τε]
210 968 333 1054 πλήθει
356 979 423 1037 τῶν
445 971 622 1052 πολεμίων,
646 968 686 1034 οὐ
705 972 881 1054 κρατήσειν
899 968 1049 1053 ἐλπίζων,
1073 968 1145 1034 ἀλλ’

127 1075 288 1161 ἀήττητον
301 1078 364 1162 τήν
377 1077 521 1162 πατρίδα
534 1077 571 1142 τὸ
585 1074 664 1141 καθ’
672 1075 778 1141 ἀὑτὸν
791 1075 890 1161 μέρος
904 1075 1201 1145 ἀποδεικνύυνζειο

89 1177 225 1260 εοάτος
254 1183 316 1266 μέν
344 1177 407 1248 οὖν
437 1183 477 1248 οὐ
506 1183 678 1267 μετασχὼν
707 1192 777 1259 τοῖς
805 1184 955 1260 πολίταις
981 1193 1040 1268 τῆς
1065 1187 1148 1268 κατά

123 1290 187 1373 ,τήν
216 1291 329 1375 φυγήν
357 1290 516 1375 αἰσχύνης
546 1290 615 1377 ίδίηι
641 1292 894 1375 περιεποιήσατο
921 1289 1072 1357 θάνατον
1095 1288 1148 1357 έν-
1167 1315 1193 1353 ιο

126 1395 239 1475 δοξον·
273 1398 306 1463 ολ
337 1396 376 1462 δέ
403 1394 554 1479 Ῥωμαῖοι
586 1394 795 1481 φοβηθέντες
825 1398 869 1482 μή
901 1399 942 1463 τά
972 1399 1055 1463 κατά
1085 1399 1147 1482 τήν

116 1506 295 1570 Απουλίαν
342 1501 517 1589 πράγματα
565 1503 684 1590 τελέως
726 1502 950 1588 ἀποβάλωσιν,
992 1504 1147 1588 ἀποικίαν

121 1609 311 1693 ’ἐξέπεμψαν
347 1611 395 1686 είς
426 1612 616 1696 Λουκερίαν
648 1613 747 1677 πόλιν
783 1609 1048 1696 ἐπιφανεστάτην
1079 1623 1147 1678 τῶν

125 1715 163 1782 έν
190 1727 260 1794 τοῖς
286 1718 408 1793 τόποις.
455 1714 491 1782 ἐκ
513 1717 634 1802 ταύτης
657 1717 695 1782 δέ
718 1717 904 1804 ὁρμώμενοι
927 1718 1147 1801 διεπολέμουν

86 1861 89 1880 ι
124 1833 195 1902 τοῖς
209 1825 402 1908 Σαμνίταις,
421 1823 461 1889 οὐ
478 1835 586 1904 κακῶς
601 1834 659 1908 τής
673 1824 854 1910 ἀσφαλείας
867 1825 1146 1911 προνοησάμενοι·
1165 1849 1191 1888 ιι

90 1931 181 1996 ιδιά
212 1932 276 2017 γάρ
308 1931 433 2016 ταύτην
465 1933 526 2016 ’τήν
554 1934 658 1998 πόλιν
690 1933 730 1998 οὐ
763 1934 869 2014 μόνον
901 1930 939 1998 έν
965 1932 1071 2020 τούτῳ
1099 1943 1144 2018 τῷ

120 2037 269 2126 πολέμφ.
297 2037 535 2124 προετέρησαν,
576 2038 659 2105 ἀλλά
695 2039 751 2104 καί
771 2040 912 2118 ·<κατά)
949 2040 1028 2116 τοὺς
1064 2040 1145 2120 μετὰ

124 2153 228 2210 ταῦτα
263 2145 464 2228 γενομένους
501 2144 571 2223 ἕως,
597 2155 665 2210 τῶν
695 2141 774 2211 καθ’
800 2147 885 2230 ἡμᾶς
898 2149 902 2154 ’
915 2147 1047 2230 χρόνων
1079 2145 1146 2228 διε,-

124 2250 261 2318 τέλεσαν
282 2251 468 2339 ὁρμητηρίῳ
491 2252 655 2337 χρώμενοι
677 2253 759 2318 κατά
776 2263 844 2318 τῶν
863 2255 1005 2336 πλησίον
1023 2249 1145 2319 ἐθνῶν.

72 2358 114 2422 73
200 2363 275 2423 Τῶν
302 2358 340 2424 δὲ
362 2360 444 2443 κατά
471 2367 600 2424 τοῦτον·
619 2359 679 2424 τὸν
702 2356 857 2424 ἐνιαυτὸν
880 2359 1030 2445 πράξεων
1052 2358 1146 2436 τέλος
1163 2382 1190 2422 ιο

32 2450 36 2455 ’
124 2461 273 2548 ἐχουσῶν
283 2460 445 2549 Ἀθήνησι
462 2463 525 2546 μὲν
543 2465 709 2550 παρέλαβε
722 2467 784 2550 τήν
799 2465 904 2551 ἀρχήν
920 2467 1145 2552 Θεόφραστος,

124 2567 161 2634 έν
189 2568 291 2661 Ῥώμη
328 2567 359 2635 δ’
385 2570 507 2636 ὕπατοι
538 2571 790 2656 κατεστάθησαν
821 2572 962 2658 Μάρκος
994 2575 1144 2651 Πόπλιος

195 2829 349 2897 ῙΚόιντος
375 2835 480 2907 Φάβιος
505 2835 684 2904 αότοκράτυρ
711 2836 799 2891 adser.
824 2837 854 2890 in
877 2853 965 2906 marg.
990 2836 1095 2891 codicis
1118 2838 1144 2891 R

123 2910 148 2960 8.
162 2921 270 2961 manus.
343 2905 368 2961 1.
383 2907 401 2960 6
419 2907 535 2979 Αάλιον]
554 2905 650 2962 Ὢλιον
668 2907 827 2977 11(Αόλιον
846 2913 871 2962 2.
885 2909 933 2977 m.)
950 2906 977 2960 X
990 2907 1089 2963 Αίλιον
1108 2908 1143 2975 F3

122 2994 192 3032 corr.
211 2976 301 3032 Rhod.
321 2978 367 3047 (cf.
387 2978 445 3032 Liv.
463 2977 502 3032 IX
519 2981 572 3049 22).
645 2977 663 3033 4
680 2976 842 3042 Λαυστόλας
859 2979 907 3034 RF
925 2978 1087 3041 Λαυστολὰς
1104 2978 1143 3046 X;

122 3048 260 3103 Lautulae
274 3048 332 3104 Liv.
343 3049 395 3103 VH
409 3054 455 3115 393
470 3049 508 3103 IX
522 3055 557 3104 23
574 3050 651 3104 unde
664 3049 787 3105 Diodoro
801 3048 947 3113 Λαυτόλας
960 3050 1041 3105 reddi
1054 3050 1100 3105 vol
1122 3051 1144 3105 ‘t

123 3119 197 3174 Gluv.
269 3120 284 3174 7
302 3140 331 3175 τε
351 3120 405 3174 del.
424 3120 528 3189 Rhod.;
547 3119 582 3175 τά
600 3120 696 3190 πλήθη
714 3121 825 3176 Reiske.
894 3121 930 3176 18
948 3119 1074 3189 Λοκρίσιν
1092 3121 1144 3175 RX

121 3189 265 3259 Λουκρίαν
284 3192 318 3259 F3
345 3209 414 3246 corr.
434 3192 530 3261 Steph.
554 3192 600 3261 (cf.
619 3192 677 3246 Liv.
696 3191 734 3245 IX
753 3197 805 3262 26).
885 3192 920 3248 17
939 3191 1055 3266 <κατά>
1077 3193 1142 3247 add.

123 3262 218 3332 Steph.
276 3262 311 3318 18
329 3261 381 3326 ἕως
393 3272 449 3318 τῶν
464 3261 534 3317 καθ’
547 3263 620 3334 ἡμᾶς
632 3259 753 3335 χρόνον]
773 3263 807 3319 cf.
822 3263 919 3334 Unger
931 3263 1029 3318 Jahrb.
1039 3264 1059 3319 f.
1069 3264 1142 3319 Phil.

122 3339 155 3389 91
174 3352 201 3402 p.
217 3339 283 3403 4⁷13
301 3334 418 3390 Binneb.
433 3335 451 3389 1.
462 3334 480 3389 l.
492 3352 520 3403 p.
531 3341 612 3404 52sq.
671 3334 707 3388 20
725 3335 911 3389 Μακεδονικὰ
929 3335 956 3389 1ο
978 3377 984 3390 .
1003 3336 1033 3389 in
1052 3351 1142 3406 marg.

115 3405 176 3458 eod,
192 3406 227 3458 R.
297 3405 332 3461 21
351 3406 484 3476 Ἀθήνησι
498 3404 512 3460 δ
530 3402 710 3476 Θεόφραστος
722 3402 861 3545 παρόλαχθε
876 3406 926 3475 μὲν
939 3353 991 3477 τήν
1005 3405 1095 3476 ἀρχὴν
1108 3405 1141 3462 Χ.

78 3470 297 3616 ἕέἀχκιχιχ
313 3478 345 3533 F.
384 3475 515 3543 Πόπλιος
533 3477 601 3534 libri
620 3492 729 3544 omnen
747 3479 819 3532 Ποιτ
837 3479 896 3540 λιος
911 3477 1002 3532 Rhod.
1021 3477 1068 3547 (cf.
1083 3478 1141 3532 Liv.
