2460 3848
109 160 174 225 312
462 154 774 211 Diodor.XX96—98.

108 297 165 368 καί
190 312 235 390 τῷ
263 301 573 387 παρασκευασθέντι
599 300 698 365 ύὸατι
725 298 763 366 ἐν
784 309 856 376 ταῖς
883 316 1015 382 στεγαις
1041 297 1127 365 ἐπει-

110 417 189 493 ρᾶτο
217 407 399 492 σβεννύναι
425 409 487 491 την
514 406 759 493 ἐπιφερομένην
782 408 916 491 φλόγα.
945 408 982 471 τὸ
1013 406 1051 470 δὲ
1078 429 1129 471 τε-

110 521 263 581 λευταῖον
286 515 449 600 ἀθροίσας
475 523 515 599 τῇ
543 514 700 598 σάλπιγγι
727 514 806 590 τοὺς
833 513 1051 597 τεταγμένους
1073 511 1130 578 ἐπὶ

108 633 166 708 τῆς
201 625 360 706 κινήσεως
396 631 463 686 τῶν
495 617 602 706 έργων
635 620 690 684 διὰ
725 620 855 684 τούτων
886 619 1034 703 άπηγαγε
1070 621 1130 697 τὰς

56 730 255 814 97μηχανάς
273 727 365 804 ἐκτὸς
383 724 511 810 βέλους.
548 724 659 792 ἔπειτα
679 726 858 810 γενομένης
880 723 1004 813 ἡμέρας
1026 744 1127 812 προσ·
1163 746 1176 786 ο

109 833 200 913 έταξε
232 845 302 911 τοῖς
333 832 512 920 ὑπηρέταις
544 833 703 917 ἀθροῖσαι
734 834 775 898 τά
803 831 884 917 βέλη
914 832 955 899 τά
984 834 1129 898 πεσόντα

109 944 197 1026 παρά
215 951 282 1006 τῶν
293 939 438 1024 Ῥοδίων,
454 939 491 1006 ἐκ
503 941 632 1006 τούτων
645 941 848 1022 βουλόμενος
863 943 1129 1024 συλλογίσασθαι

74 1067 89 1113 ε
108 1059 176 1113 τῶν
199 1046 236 1114 ἐν
258 1057 298 1133 τῇ
322 1049 417 1113 πόλει
438 1050 500 1132 την
523 1050 743 1130 παρασκευήν.
789 1040 837 1112 ὧν
859 1049 941 1133 ταχὺ
965 1048 1003 1112 τὸ
1026 1062 1129 1130 προσ-

108 1153 234 1240 ταχθέν
262 1153 473 1237 ποιησάντων
499 1155 740 1240 ἠριθμήθησαν
767 1155 938 1239 πυρφόροι
969 1154 1030 1236 μὲν
1058 1163 1130 1229 τοῖς

109 1261 265 1345 μεγέθεσι
292 1270 444 1326 παντοῖοι
471 1262 608 1337 πλείους
628 1270 696 1325 τῶν
719 1260 933 1344 ὀκτακοσίων,
961 1258 1129 1343 ὀξυβελεῖς
1150 1281 1177 1321 ιο

109 1368 147 1433 δὲ
174 1367 235 1434 οὐκ
263 1366 419 1444 ἐλάττους
445 1378 513 1434 τῶν
537 1371 654 1452 χιλίων
677 1368 912 1433 πεντακοσίων.
958 1367 1130 1433 τοσούτων

109 1475 147 1540 δὲ
164 1478 273 1558 βελῶν
287 1472 494 1559 ἐνεχθέντων
512 1473 549 1539 ἐν
565 1477 683 1560 βραχεῖ
699 1475 808 1562 χρόνφ
827 1475 947 1551 νυκτὸς
963 1471 1130 1556 ἐθαύμαζε

108 1583 170 1666 τὴν
187 1583 348 1667 χορηγίαν
366 1590 424 1664 τῆς
441 1582 568 1658 πόλεως
586 1582 641 1646 καί
659 1583 721 1665 την
739 1580 777 1646 ἐν
794 1581 925 1657 τούτοις
943 1581 1128 1660 δαψίλειαν.

74 1705 89 1753 ε
184 1689 263 1753 Τότε
291 1687 352 1770 μὲν
376 1681 439 1752 οὖν
462 1687 479 1752 ὁ
503 1691 694 1774 Δημήτριος
720 1687 939 1753 κατεσκεύασε
963 1688 1004 1751 τὰ
1027 1707 1129 1752 πεπο-

108 1796 231 1878 νηκότα
253 1805 321 1859 τῶν
344 1791 454 1880 ἔργων
475 1793 531 1858 καί
553 1796 632 1878 περί
652 1818 687 1858 τε
710 1795 772 1878 τὴν
794 1796 905 1879 ταφὴν
927 1804 994 1858 τῶν
1017 1798 1129 1858 τελευ-
1149 1814 1175 1854 ιε

109 1901 279 1984 τησάντων
301 1901 357 1965 καί
379 1903 441 1986 την
462 1903 648 1986 θεραπείαν
669 1910 737 1989 τῶν
757 1910 968 1985 τραυματιῶν
991 1899 1128 1983 ἐγίνετο.

73 2024 91 2073 4
108 2003 185 2073 καθ’
204 2007 245 2072 ὃν
268 2008 309 2091 δὴ
333 2009 457 2094 χρόνον
476 2008 509 2073 οῖ
530 2008 613 2072 κατά
634 2007 697 2089 την
715 2009 815 2072 πόλιν
833 2009 949 2072 άνεσιν
970 2009 1130 2089 λαβόντες

107 2123 166 2198 τῆς
188 2115 253 2180 άπὸ
275 2125 344 2181 τῶν
366 2125 523 2199 μηχανῶν
545 2115 621 2194 βίας
644 2112 862 2200 ιβκοόόμησαν
884 2115 999 2197 τρίτον
1021 2123 1129 2197 τεῖχος

108 2220 294 2305 μηνοειδές,
321 2220 622 2307 περιλαμβάνοντες
649 2228 689 2304 τῇ
716 2221 778 2302 μὲν
800 2223 995 2307 περιφερείᾳ
1020 2219 1130 2286 πάντα

108 2329 168 2393 τὸν
194 2328 435 2393 κινδυνεύοντα
462 2328 566 2392 τόπον
593 2334 654 2391 τοῦ
682 2327 824 2411 τείχους·
853 2327 954 2392 οὐδέν
979 2323 1010 2390 θ’
1027 2322 1129 2410 ἧττον
1147 2348 1175 2389 ιο

108 2435 163 2500 καῖ
178 2435 293 2521 τάφρφ
312 2436 436 2520 βαθείᾳ
453 2432 652 2519 περιέλαβον
666 2434 703 2498 τὸ
721 2435 891 2511 πεπτωκὸς
909 2441 969 2499 τοῦ
988 2434 1129 2517 τείχους,

109 2541 197 2616 όπως
223 2542 266 2624 μὴ
295 2540 435 2623 δύνηται
463 2540 585 2626 ῥᾳδίως
613 2539 630 2604 ὁ
659 2542 815 2622 βασιλεὺς
840 2538 873 2618 ἐξ
898 2538 1024 2625 ἐφόόου
1047 2543 1129 2622 μετὰ

74 2647 233 2730 οβάρους
262 2649 429 2712 εἰσπεσεῖν
457 2648 505 2723 είς
533 2649 595 2731 την
626 2647 733 2711 πόλιν.
787 2644 971 2729 ἐξέπεμψαν
1003 2647 1040 2712 δὲ
1072 2649 1129 2713 καὶ

108 2762 191 2831 ναῦς
227 2764 295 2818 τῶν
326 2754 443 2839 άριστα
478 2759 663 2836 πλεουσῶν,
696 2749 861 2835 Ἀμύυταν
893 2753 1128 2838 ἐπιστήσαντες

107 2862 267 2944 ἡγεμόνα,
297 2859 333 2937 ὃς
361 2859 542 2936 ἐκπλεύσας
566 2861 650 2943 πρὸς
676 2861 738 2944 την
762 2863 912 2946 Περαίαν
939 2870 996 2945 τῆς
1017 2863 1129 2938 Ἀσίας
1147 2881 1174 2923 ιο

109 2966 256 3052 ἐπεφάνη
279 2964 472 3053 παραδόξως
492 2976 661 3050 πειραταῖς
679 2983 767 3031 τισιν
785 2966 1042 3049 ἀπεσταλμένοις
1060 2966 1127 3033 ὑπὸ

109 3076 311 3160 Δημητρίου.
358 3069 451 3139 οὗτοι
481 3075 512 3138 θ’
537 3068 627 3158 είχον
657 3074 809 3158 άφρακτα
838 3076 928 3156 τρία,
957 3074 1128 3159 κράτιστοι

180 3231 196 3284 l
215 3230 298 3286 ύθατι
316 3249 369 3285 om.
384 3231 422 3298 R,
441 3231 507 3284 add.
528 3237 550 3284 1.
566 3247 601 3282 m.
670 3230 687 3283 2
707 3231 856 3300 σβεννύναι
873 3230 928 3284 XF.
995 3233 1009 3285 7
1029 3229 1127 3302 βουλό-

109 3322 191 3371 μενος
213 3302 244 3356 ἐκ
267 3304 373 3358 τούτων
391 3303 421 3356 F.
493 3302 511 3356 θ
533 3298 676 3370 πυρφόροι
696 3318 749 3356 om.
769 3303 799 3368 F,
818 3303 870 3356 ins.
890 3309 914 3356 2.
930 3320 966 3356 m.
985 3305 1050 3372 post
1068 3302 1127 3371 μέν.

109 3374 145 3428 14
172 3373 336 3428 ἐπεσκεύασε
364 3373 447 3427 Dind.
474 3373 492 3427 f.
508 3392 529 3426 r.
558 3372 603 3441 (cf.
629 3373 704 3426 infra
732 3380 795 3441 §73
818 3373 869 3426 XX
892 3378 969 3439 88‚1
995 3374 1127 3443 saepius).

82 3444 324 3569 έάδτρχυμάτων
341 3446 373 3502 F.
443 3444 478 3500 28
497 3445 537 3508 είς
554 3444 605 3515 τὴν
623 3441 704 3499 πόλιν
723 3453 817 3499 πεσεῖν
835 3444 868 3498 Χ.
932 3445 966 3499 27
985 3444 1129 3512 κράτιστοι
