2460 3848
443 187 597 254 01.115‚4:
617 191 668 240 ιιι
684 202 709 240 a.
721 184 783 240 chr.
1081 188 1122 254 15

103 344 175 413 ταῖς
201 345 269 400 τῶν
299 335 483 418 ἰσχυόντων
511 331 727 418 ἐπιφανείαις.
777 332 821 409 ὡς
849 329 879 396 δ’
903 330 992 417 αύτῷ
1022 328 1119 396 πάντ’
1141 349 1157 396 4

102 439 146 526 ήν
173 440 329 527 εὐτρεπῆ,
356 450 427 518 τοῖς
452 440 514 523 μὲν
541 439 754 526 στρατιώταις
776 442 997 523 παρήγγειλεν
1020 438 1123 503 άπαν-

103 558 165 614 τᾶν
197 545 251 631 ἅμ’
278 547 384 634 ἡμέρᾳ
415 548 463 624 είς
489 547 527 612 τὸ
561 547 804 629 Τιμολεόντιον,
836 545 936 622 αὐτὸς
964 545 1001 610 δὲ
1027 567 1124 627 μετα-

103 656 312 738 πεμπόμενος
336 656 414 733 τοδς
441 654 517 739 περί
545 655 736 739 Πείσαρχον
767 652 823 718 καί
851 652 1012 735 Διοκλέα,
1045 654 1124 729 τοὺς

74 783 86 824 ι
105 763 288 839 δοκοῦντας
310 762 511 848 προεστάναι
533 769 591 853 τής
613 770 681 825 τῶν
699 757 880 837 ἑξακοσίων
898 757 1056 845 ἑταιρίας,
1079 759 1124 835 ὡς

104 872 182 955 περί
207 892 309 935 τινων
336 877 432 954 κοινή
461 869 702 954 συμφερόντων
734 864 978 949 διαλεξόμενος,
1010 863 1122 950 ἐπειδή

105 975 327 1062 παρεγένοντο
364 976 612 1061 παραλαβόντες
646 984 714 1040 τῶν
746 976 856 1058 φίλων
888 975 936 1050 είς
966 972 1124 1058 τεσσαρά-

105 1105 220 1167 κοντα,
247 1082 489 1170 προσποιηθεὶς
516 1080 637 1147 ἑαυτὸν
661 1079 940 1164 ἐπιβουλεύεσθαι
963 1079 1124 1162 συνελάμ

104 1191 208 1272 βανεν
239 1190 386 1267 ἅπαντας
422 1189 478 1255 καί
513 1191 718 1274 κατηγόρησε
750 1188 812 1270 μὲν
844 1187 954 1253 αὐτῶν
986 1186 1024 1253 ἐν
1054 1195 1124 1264 τοῖς

60 1317 87 1357 ιο
104 1297 332 1381 στρατιώταις,
369 1300 478 1382 φήσας
511 1295 577 1362 ὑπὸ
610 1306 677 1361 τῶν
708 1293 888 1373 ἑξακοσίων
920 1294 1125 1382 ἁρπάζεσθαι

104 1404 160 1468 διά
183 1405 245 1488 τήν
266 1406 350 1490 πρὸς
372 1405 432 1470 τὸν
455 1405 562 1488 δῆμον
585 1405 731 1487 εύνοιαν,
754 1404 810 1469 καλ
832 1403 1040 1486 κατωδύρετο
1063 1402 1125 1485 τήν

104 1510 181 1595 περὶ
210 1510 314 1576 αὐτὸν
342 1512 456 1596 τύχην.
507 1510 780 1596 παροξυνομένου
813 1510 852 1575 δὲ
882 1517 942 1573 τοῦ
972 1512 1159 1592 πλήθουςσ

104 1617 160 1682 καί
182 1621 329 1700 βοῶντος
351 1618 466 1701 μηκέτι
493 1618 636 1702 μέλλειν,
663 1614 735 1683 ἀλλ’
758 1615 794 1682 ἐκ
821 1617 930 1702 χειρὸς
957 1613 1125 1681 όπνδεῖναι

104 1734 174 1802 τοῖς
201 1722 376 1809 ἀδικήσασι
402 1726 464 1809 τήν
494 1726 602 1810 δίκην,
629 1735 699 1803 τοῖς
722 1725 783 1808 μὲν
806 1727 1020 1807 σαλπιγκταῖς
1042 1744 1125 1805 παρ-

61 1850 87 1891 ιι
104 1834 236 1916 ήγγειλε
263 1834 438 1916 σημαίνειν
465 1833 502 1898 τὸ
531 1834 721 1916 πολεμικόν,
750 1841 820 1908 τοῖς
847 1831 884 1896 δὲ
912 1830 1125 1917 στρατιώταις

104 1935 255 2024 ἀναιρεῖν
278 1941 356 2015 τοὺς
380 1939 506 2016 αἰτίους
529 1939 585 2004 καῖ
607 1938 798 2024 διαρπάζειν
821 1939 879 2015 τάς
904 1941 1035 2023 κτήσεις
1056 1947 1124 2001 τῶν

105 2042 284 2122 ἑξακοσίων
311 2046 367 2111 καί
393 2057 461 2111 τῶν
490 2046 622 2122 τούτοις
650 2045 974 2132 κοινοπραγούντων.
1024 2043 1159 2128 ὁρμηο

105 2150 236 2216 σάντων
254 2153 292 2218 δέ
310 2153 445 2218 πάντων
463 2151 518 2218 ἐπὶ
536 2154 598 2237 τήν
617 2152 807 2238 άρπαγήνή
827 2153 923 2228 πόλις
945 2149 1123 2234 ἐπληρώθη

104 2268 247 2343 ταραχῆς
273 2260 328 2325 καί
350 2260 503 2343 μεγάλων
525 2259 753 2345 ἀτυχημάτων·
782 2260 816 2325 οί
841 2259 988 2344 μὲνγὰρ
1016 2256 1125 2342 χαριέ-

60 2383 87 2422 το
106 2379 218 2429 στατοι
240 2376 307 2432 τῶν
326 2371 482 2451 πολιτῶν,
505 2366 707 2450 ἀγνοοῦντες
726 2369 787 2433 τὸν
804 2362 884 2431 καθ’
901 2364 1012 2431 αὑτῶν
1030 2387 1125 2429 κεκυ-

106 2470 256 2555 ρωμένον
287 2472 444 2560 ὄλεθρον,
476 2471 644 2558 έξεπήδων
676 2472 712 2539 ἐκ
744 2484 812 2540 τῶν
844 2475 959 2538 οἰκιῶν
989 2473 1036 2549 είς
1067 2472 1125 2549 τάς

105 2576 220 2662 ὁδούς,
247 2585 370 2661 μαθεῖν
398 2581 599 2658 σπεύδοντες
621 2582 681 2646 τὸν
707 2583 872 2666 θόρυβον,
902 2581 935 2646 οἱ
962 2579 1000 2645 δὲ
1027 2597 1125 2666 στρα-

104 2695 218 2749 τιῶται
249 2688 290 2751 τά
320 2687 382 2769 μὲν
414 2689 470 2753 διά
501 2690 563 2772 τήν
594 2686 800 2771 πλεονεξίαν,
836 2689 877 2752 τά
909 2688 946 2753 δὲ
978 2688 1034 2752 διά
1065 2687 1125 2752 τὸν

103 2793 218 2874 θυμὸν
243 2793 444 2878 ἠγριωμένοι
471 2796 530 2872 τάς
556 2797 665 2880 ψυχάς
691 2792 841 2885 άνήρουν
870 2796 949 2871 τοὺς
978 2794 1034 2858 διά
1063 2795 1125 2877 τήν

60 2920 85 2960 ιι
105 2898 245 2980 άγνοιαν
276 2901 388 2984 γυμνδι
419 2902 460 2966 τδι
492 2902 626 2984 σώματα
657 2913 725 2967 τῶν
757 2901 975 2984 ἀμυνομένων
1012 2901 1124 2966 ὅπλων

175 3055 396 3140 δπροήγγειλεν
414 3057 444 3112 F.
516 3059 535 3113 3
555 3055 750 3142 Τιμολεόντιον
768 3057 820 3112 RX
843 3058 929 3128 (idem
951 3057 1083 3126 Polyaen.
1098 3057 1124 3111 V

105 3126 691 3271 {assdbssfssssnsz‘ssaezxzfflyffi13¹¹ss
704 3130 899 3272 {maiza}
918 3126 1124 3266 λλῖίῖῖῖῖ

105 3286 174 3325 corr.
189 3269 278 3326 Wess.
294 3288 328 3325 ex
346 3272 496 3341 Polyaeno.
558 3270 732 3341 όέταιρείας
750 3273 780 3327 F.
839 3272 960 3328 ότινών
991 3280 1046 3326 τῶν
1064 3272 1122 3327 RX.

106 3342 311 3413 λπαραλαβών
329 3363 358 3397 τε
372 3344 403 3399 Ρ.
453 3344 538 3398 exal
557 3342 747 3413 κατηγόρησεν
765 3345 858 3399 αύτῶν
876 3343 927 3413 μὲν
968 3388 974 3398 .
1024 3344 1060 3398 10
1074 3344 1124 3410 άρ-

103 3412 245 3477 πάζεσθαι
266 3414 313 3468 vix
336 3431 448 3482 sanum
472 3432 569 3471 sensus
593 3419 707 3485 apertus
731 3418 784 3471 εει.
854 3415 896 3469 ss
915 3415 969 3482 τδρ
993 3416 1064 3476 περ
1086 3415 1140 3461 σιε-

103 3492 154 3538 τού
175 3485 272 3554 τρύγην
293 3485 323 3554 F,
348 3505 365 3540 τ
384 3503 471 3558 supra
494 3499 518 3562 ψ
541 3487 579 3545 ελ)
598 3494 626 3546 2.
645 3508 684 3547 m.
701 3489 813 3560 ρυίιλω.
882 3485 926 3539 m
946 3484 999 3550 xm>
1020 3473 1168 3530 ‹xm-‘RR-

97 3552 311 3616 Mwssnffl
