2460 3848
437 182 590 248 01.118‚4:
611 186 662 235 ιοε
678 197 702 235 ο.
714 180 776 235 chr.
1050 184 1115 250 295

98 329 261 412 χώματος,
288 337 376 411 τρεῖς
404 324 434 392 δ’
452 326 510 392 ἐπί
534 337 712 412 φορτηγῶν
734 329 861 392 πλοίων
883 329 1026 410 πλησίον
1049 337 1116 392 τῶν

98 436 266 520 κλείθρων
292 442 352 500 τοῦ
380 443 500 520 μικροῦ
529 433 672 516 λιμένος·
700 432 737 498 ἐν
763 433 800 498 δέ
827 433 961 509 ταύταις
989 429 1116 517 ἔθηκαν

98 546 228 624 πλῆθος
250 539 419 624 ὀξυβελῶν
437 542 492 606 καὶ
515 544 726 625 πετροβόλων
744 543 913 606 παντοίων
931 550 1000 617 τολς
1023 540 1116 623 μεγέ-

97 655 207 731 θεσιν,
237 649 341 732 ὅπως,
370 646 428 713 ἐάν
457 672 492 713 τε
522 648 766 732 ἀποβιβάζωσιν
795 649 828 713 οἱ
854 647 1006 729 πολέμιοι
1033 648 1116 742 πρὸς

67 777 78 816 ε
96 757 134 820 τὸ
152 765 245 840 χῶμα
264 755 464 841 στρατιώτας
482 756 524 820 άν
543 778 577 821 τε
595 757 653 832 τάς
670 756 817 838 μηχανάς
836 754 1039 838 προσάγωσι,
1060 755 1116 818 διά

97 863 225 926 τούτων
248 862 370 938 αύτούς
393 861 566 946 είργεσθαι
587 870 646 944 της
668 860 832 945 ἐπιβολῆς.
871 859 1055 945 ἐπέστησαν
1079 861 1116 925 δέ

96 969 243 1045 παλτοῖς
266 968 407 1054 ὁρμοῦσι
432 979 499 1033 τῶν
522 980 701 1054 φορτηγῶν
723 971 851 1034 πλοίων
874 967 912 1033 ἐν
934 979 979 1054 τῶ
1009 967 1116 1050 λιμένι

96 1075 306 1157 βελοστάσεις
335 1077 457 1153 οίκείας
487 1085 555 1151 τοῖς
585 1074 798 1141 ἐπιτίθεσθαι
830 1075 987 1158 μέλλουσι
1019 1099 1116 1139 κατα-

96 1181 236 1259 πέλταις.

52 1311 77 1349 ιο
163 1288 373 1375 Ἀμφοτέρων
402 1290 439 1354 δέ
466 1297 587 1354 τοῦτον
614 1290 674 1353 τὸν
701 1291 826 1373 τρόπον
851 1287 1115 1372 παρεσκευασμέ-
1125 1287 1167 1352 86

95 1419 165 1460 νων
188 1395 206 1460 ὁ
229 1400 420 1482 Δημήτριος
447 1397 485 1461 τὸ
512 1395 573 1478 μὲν
597 1405 730 1480 πρῶτον
753 1393 991 1477 ἐπιβαλόμενος
1013 1411 1115 1481 προσ-

95 1502 189 1586 άγειν
220 1505 278 1580 τὰς
314 1506 461 1588 μηχανάς
497 1512 566 1578 τοίς
599 1500 727 1584 λιμέσιν
759 1499 912 1585 ἐκωλύθη
945 1502 1115 1578 κλύδωνος

95 1608 332 1693 ἐπιγενομένου
350 1608 567 1696 τραχυτέρου·
586 1610 666 1690 μετὰ
685 1608 844 1674 δὲταῦτα
862 1611 982 1686 νυκτὸς
1002 1609 1115 1685 εὐδίας

96 1719 278 1800 λαβόμενος
293 1714 394 1782 ἔλαθε
411 1716 645 1800 παραπλεύσας
661 1716 716 1780 καί
732 1719 997 1799 καταλαβόμενος
1011 1717 1115 1800 άκρον

51 1845 76 1884 ιε
95 1824 132 1888 τὸ
162 1835 255 1907 χῶμα
283 1831 344 1888 τοῦ
376 1823 520 1906 μεγάλου
552 1823 683 1905 λιμένος
716 1823 821 1899 εύθύς
852 1824 1114 1908 περιεχαράκωσε

94 1932 154 1995 τὸν
176 1932 281 1995 τόπον
303 1930 359 1995 καί
381 1929 538 2015 διέφραξε
560 1931 739 2015 θυρώμασι
760 1930 816 1995 καί
839 1929 985 2016 πέτροις,
1013 1927 1115 2012 ἐξεβί-

95 2039 176 2118 βασε
200 2036 230 2100 δ’
248 2038 295 2112 είς
318 2037 421 2102 αὐτὸν
445 2038 645 2120 στρατιώτας
668 2038 899 2119 τετρακοσίους
926 2037 982 2100 καί
1007 2040 1115 2118 βελῶν

95 2146 225 2226 πλῆθος
252 2144 485 2226 παντοδαπῶν,
515 2144 695 2229 ἀπέχοντος
722 2141 787 2207 άπὸ
815 2154 883 2208 τῶν
910 2153 1027 2227 τειχῶν
1054 2152 1114 2208 τοῦ

94 2251 198 2332 τόπου
222 2250 343 2315 τούτου
367 2250 465 2315 πέντε
483 2251 623 2336 πλέθρα.
665 2247 772 2315 ἔπειθ’
790 2249 912 2333 ἡμέρας
935 2248 1148 2334 γενομένηςν

50 2378 76 2416 ιο
95 2358 293 2438 παρεκόμισε
311 2359 369 2433 τάς
387 2360 534 2442 μηχανάς
553 2360 599 2435 είς
618 2360 677 2423 τὸν
697 2357 812 2440 λιμένα
829 2359 911 2441 μετά
933 2357 1115 2440 σάλπιγγος

94 2462 149 2526 καὶ
172 2473 318 2546 κραυγῆς
340 2463 394 2528 ταί
416 2475 486 2541 τοῖς
508 2466 569 2547 μὲν
592 2464 764 2531 ἐλάττοσιν
787 2462 959 2547 ὀξυβελέσι
985 2466 1114 2547 μακράν

95 2569 291 2653 φερομένοις
320 2570 453 2656 άνείργε
484 2574 563 2648 τοὺς
594 2570 834 2655 ἐργαζομένους
865 2573 902 2636 τὸ
934 2573 1023 2656 παρά
1054 2572 1114 2636 τὸν

94 2675 210 2758 λιμένα
232 2688 348 2762 τεῖχος,
371 2688 441 2755 τοῖς
463 2679 502 2744 δὲ
520 2680 735 2765 πετροβόλοις
753 2678 810 2754 τάς
829 2700 863 2742 τε
882 2680 1029 2763 μηχανάς
1046 2688 1114 2765 τῶν

94 2785 261 2865 πολεμίων
296 2786 352 2850 καί
387 2787 424 2850 τὸ
462 2787 518 2850 διά
553 2795 613 2851 τοῦ
650 2787 798 2871 χώματος
834 2795 941 2870 τεῖχος
976 2794 1016 2870 τῇ
1053 2785 1114 2867 μέν

49 2913 74 2950 ει
94 2889 245 2973 διέσεισε,
268 2901 307 2977 τη
332 2891 369 2956 δέ
386 2893 577 2976 κατέβαλεν,
601 2892 742 2969 ἀσθενὲς
760 2891 912 2977 ὑπάρχον
931 2893 985 2955 καί
1003 2911 1113 2955 ταπει-

93 2998 155 3062 νὸν
179 2996 318 3075 ἐκείνοις
340 3009 410 3076 τοίς
431 3010 568 3084 καιροῖς.
610 2998 828 3082 ἀμυνομένων
850 2999 887 3064 δὲ
909 3000 964 3062 καί
987 3009 1054 3062 τῶν
1077 2995 1113 3063 ἐκ
1132 3013 1147 3058 3

164 3191 240 3247 δύο
263 3212 292 3246 τε
315 3191 365 3246 RX
389 3194 434 3261 (cf.
453 3193 677 3247 Kiihner-Gerth
695 3194 751 3246 112
771 3212 797 3262 p.
813 3198 864 3247 463
880 3209 905 3246 ε.
921 3195 946 3260 3)
966 3191 1017 3246 ἐάν
1035 3211 1063 3245 τε
1081 3192 1112 3247 F.

92 3261 117 3315 τ’
141 3263 264 3317 Kaelker
286 3282 312 3332 p.
333 3269 393 3318 307.
469 3263 606 3333 ίδρμῶσι
624 3264 703 3329 libri;
725 3265 760 3318 cf.
780 3264 830 3316 XX
850 3269 913 3327 9,1.
986 3263 1113 3317 8κατα-

92 3331 192 3397 πέλτας
215 3334 294 3402 libri3
319 3351 387 3390 corr.
407 3335 497 3389 Rhod.
575 3336 609 3389 11
633 3334 847 3406 ἐπιβαλλόμενος
864 3336 894 3388 F.
968 3334 1003 3388 15
1025 3335 1113 3396 εὐθύς

93 3404 123 3457 δέ
142 3405 168 3458 R
187 3405 251 3474 (del.
272 3412 296 3460 1.
310 3409 357 3475 m.)
376 3406 401 3459 X
419 3408 507 3469 εὐθὺς
525 3407 556 3460 δέ
575 3407 624 3461 καλ
642 3407 671 3461 F.
746 3408 779 3461 17
798 3403 975 3474 τριακοσίους
992 3406 1022 3474 F,
1043 3422 1111 3459 corr.

93 3481 117 3528 2.
133 3493 169 3530 m.
233 3477 270 3532 20
288 3475 479 3547 παρεκόμισαν
498 3477 576 3544 libri3
597 3495 665 3533 corr.
680 3479 769 3533 Wess.
831 3477 865 3531 21
884 3478 933 3531 καλ
951 3476 1063 3546 μακρὰν
1081 3476 1111 3530 F.

92 3545 128 3599 25
147 3544 260 3602 διέσωσε
279 3549 312 3604 X.
385 3549 420 3603 26
439 3549 469 3604 ἐν
488 3547 606 3612 ἐκείνοις
624 3559 683 3613 τοῖς
701 3571 726 3604 κ.
746 3550 834 3604 Hertl.
849 3549 904 3603 111
923 3566 951 3616 p.
967 3555 1008 3601 17.
