2460 3848
436 175 478 232 01.
491 183 551 244 116,
562 183 590 231 1:
610 182 662 231 ωε
677 192 702 231 ι.
714 176 776 232 chr.
1074 180 1116 245 59

95 323 143 398 εἰς
174 323 303 405 χιλίους
334 323 582 399 πεντακοσίους.
636 321 790 406 Εὐμενὴς
824 321 862 387 δὲ
897 318 966 404 μετ’
993 322 1152 406 όλίγωνσ

95 428 314 512 ἀπολειφθείς
346 427 396 493 ἐπ’
423 430 528 514 ἀκρου
559 437 619 493 τοῦ
649 427 786 514 κέρατος
812 429 850 494 τὸ
877 428 939 511 μὲν
967 423 1049 507 είξαι
1075 439 1116 514 τῇ

94 535 178 626 τάχη
209 535 265 600 καί
297 545 421 620 φυγεῖν
453 536 592 620 αίσχρὸν
624 534 788 629 διέλαβεν,
820 537 858 601 τὸ
886 535 924 600 δὲ
951 544 1117 621 τηροῦντα

94 644 158 726 την
180 641 363 726 δεδομένην
386 641 452 707 ὑπὸ
475 652 543 708 τῶν
565 641 730 725 βασιλέων
748 644 862 708 πίστιν
880 644 1019 730 γενναία
1036 663 1117 727 προ-

62 770 76 813 ι
96 747 221 831 αιρέσει
239 755 490 814 συναποθανεῖν
510 751 692 834 προκρίνας
714 746 765 814 ἐπ’
783 749 887 815 αὐτὸν
910 747 1034 815 ἐώσατο
1057 751 1117 815 τὸν

91 852 294 939 Ἀντίγονον.
335 855 516 940 γενομένης
534 853 566 921 δ’
583 858 782 942 ἱππομαχίας
799 865 960 943 καρτεροῖς
977 857 1032 922 καί
1050 866 1117 922 τῶν
1135 873 1152 922 6

94 962 157 1046 μέν
183 961 255 1045 μετ’.
274 963 450 1045 Εὐμενοῦς
475 973 548 1040 ταῖς
573 966 778 1048 προθυμίαις
801 965 1023 1049 προεχόντων,
1049 973 1117 1029 τῶν

70 1068 134 1134 -δέ
163 1068 232 1152 μετ’
254 1065 448 1154 Ἀντιγόνου
478 1083 523 1157 τῷ
554 1074 677 1155 πληθει
706 1069 970 1156 περιγινομένων
998 1070 1117 1135 πολλοὶ

94 1173 174 1262 παρ’
192 1176 390 1263 ἀμφοτέρων
413 1174 564 1243 ἔπιπτον·
590 1178 644 1242 ὅτε
667 1178 708 1262 δὴ
732 1176 857 1261 συνέβη
880 1176 1026 1242 καὶτῶν
1049 1175 1117 1242 ἐλε-

48 1307 76 1348 ιο
96 1283 234 1368 φάντων
256 1285 341 1370 πρὸς
363 1283 527 1369 ἀλλήλους
549 1283 801 1367 ἀγωνιζομένων
823 1294 938 1349 πεσεῖν
960 1294 1028 1349 τῶν
1048 1284 1117 1348 Εὐ-

96 1398 218 1472 μενοῦς
244 1392 304 1455 τὸν
332 1392 596 1475 προηγούμενον,
623 1390 854 1474 συμπλακέντα
881 1402 927 1476 τῷ
954 1391 1116 1477 κρατίστφ

96 1507 165 1562 τῶν
187 1496 477 1580 ἀντιτεταγμένων.
519 1497 635 1582 διόπερ
656 1498 811 1583 Εὐμενὴς
833 1498 922 1583 δρῶν
944 1498 1023 1574 τοὺς
1045 1495 1113 1579 μετ’
1136 1514 1151 1562 '1

96 1602 201 1669 αὐτοῦ
224 1605 437 1689 πανταχόθεν
460 1602 720 1687 ἐλαττουμένους
741 1603 857 1689 ἐξῆγεν
880 1603 917 1669 ἐκ
938 1613 997 1688 τῆς
1014 1604 1118 1689 μάχης

96 1713 175 1788 τοὺς
198 1709 497 1794 ὑπολελειμμένους
527 1714 636 1789 ἱππεῖς
661 1712 718 1777 καλ
739 1712 919 1795 παρελθὼν
942 1709 997 1777 ἐπί
1018 1711 1117 1776 θάτε-

49 1839 77 1881 ιι
98 1841 159 1902 ρον
188 1816 286 1903 κέρας
314 1815 521 1902 ἀνελάμβανε
550 1822 629 1895 τοὺς
658 1820 739 1901 μετά
769 1820 937 1884 Φιλίππου
964 1816 1117 1901 τεταγμέ-

96 1949 193 2008 νους,
225 1916 276 2000 οίς
306 1920 350 2008 ην
381 1926 616 2010 παρηγγελκὼς
648 1934 863 2010 φυγομαχεῖν.
913 1925 934 2008 ἡ
963 1925 1025 2007 μὲν
1054 1919 1117 1990 οὖν

96 2041 164 2097 τῶν
190 2029 316 2097 ίππέων
339 2030 424 2116 μάχη
447 2040 602 2097 τοιοῦτον
625 2029 700 2117 έσχε
722 2032 760 2096 τὸ
783 2030 884 2108 τέλος.

173 2143 249 2202 Τῶν
272 2136 309 2201 δὲ
331 2141 437 2217 πεζῶν
460 2140 493 2203 οί
514 2138 577 2222 μέν
597 2127 842 2224 ἀργυράσπιδες
865 2134 1117 2222 συμφράξαντες
1125 2138 1169 2203 43

96 2245 152 2311 καλ
179 2246 368 2331 βιαιότερον
394 2255 464 2323 τοῖς
491 2244 776 2329 ἀντιτεταγμένοις
802 2243 1014 2320 ἐπιπεσόντες
1038 2245 1117 2320 τοὺς

48 2375 77 2417 το
95 2352 157 2436 μὲν
184 2351 223 2418 έν
249 2361 370 2437 χειρῶν
392 2353 482 2440 νόμφ
510 2351 721 2438 διέφθειραν,
748 2355 827 2429 τοὺς
849 2352 887 2417 δὲ
909 2351 1116 2435 συνηνάγκα-

96 2477 161 2525 σαν
180 2469 311 2545 φυγεῖν.
347 2458 560 2544 ἀκατάσχετοι
578 2460 615 2525 δλ
633 2470 705 2537 ταῖς
727 2459 844 2546 ὁρμαῖς
866 2460 1039 2542 γενόμενοι
1061 2458 1117 2523 καί

95 2568 180 2653 πρὸς
208 2574 320 2631 πάσαν
349 2566 411 2649 τὴν
440 2575 507 2630 τῶν
538 2564 701 2632 έναντίων
733 2566 888 2651 φάλαγγα
920 2565 1116 2650 διαγωνισά-

96 2696 191 2756 μενοι
217 2680 380 2737 τοσοῦτον
407 2682 479 2749 ταῖς
506 2672 682 2758 εὐχειρίαις
709 2673 765 2738 καλ
792 2673 915 2759 ῥώμαις
940 2673 1117 2758 ὑπερεῖχον

96 2775 181 2844 ὥσθ’
200 2777 329 2845 έαυτῶν
355 2779 417 2862 μέν
440 2778 622 2861 ἀποβαλεῖν
643 2778 790 2862 μηθένα,
816 2791 884 2845 τῶν
907 2779 938 2844 δ’
955 2778 1117 2846 ἐναντίων

49 2906 76 2948 ει
96 2883 228 2951 ἀνελεῖν
251 2886 313 2969 μὲν
335 2885 420 2972 ὑπὲρ
442 2889 522 2962 τοὺς
544 2886 844 2970 πεντακισχιλίους,
869 2885 1057 2973 τρέψασθαι
1080 2886 1118 2950 δὲ

95 2996 175 3070 τοὺς
202 2995 321 3072 πεζοὺς
347 2993 488 3076 πάντας,
515 2992 614 3070 ὄντας
641 2996 917 3070 πολλαπλασίους.
963 2992 1151 3075 Εὐμενηςκ

97 3099 134 3166 δὲ
161 3101 355 3183 πυθόμενος
382 3101 443 3184 τὴν
470 3099 532 3182 μὲν
559 3099 749 3185 ἀποσκευὴν
772 3100 951 3184 ἡλωκέναι,
977 3102 1056 3177 τοὺς
1082 3095 1112 3164 δ’

167 3257 186 3311 3
208 3258 324 3327 φεύγειν
342 3257 373 3311 F.
418 3255 558 3384 διέλαβενέ
584 3254 687 3326 διέλεγε
706 3255 736 3325 F,
761 3275 829 3313 corr.
850 3264 874 3312 2.
889 3276 925 3313 m.
1004 3257 1023 3311 9
1045 3254 1114 3323 παρ’

96 3325 266 3420 ἀμφοτέροις
284 3327 374 3384 Wenn.
446 3329 482 3384 15
502 3329 538 3382 ἀν
553 3330 619 3400 λαβε
638 3329 668 3383 F.
740 3329 776 3385 18
797 3329 1007 3400 συμφράξαντες
1030 3327 1116 3399 <ἑαυ-

94 3398 353 3535 εἰκάθοι
370 3402 400 3455 ³*
414 3401 453 3528 ιλ
467 3401 649 3544 λιι-..λεδ
665 3405 728 3529 Ῑε.
745 3396 1161 3542 ..λιιιλιιεειεε

92 3541 135 3595 Ν
143 3549 165 3608 6,
176 3547 225 3610 18,-
237 3541 390 3599 Justffl
398 3549 424 3614 3,
436 3551 459 3602 ό.
521 3546 560 3604 26
581 3547 768 3613 ἀπαντωςδ.
823 3545 864 3601 ‘2ss
884 3543 937 3612 μὶν
960 3529 1042 3592 ...δ’
1068 3518 1184 3578 *³¹⁹3
