2460 3848
92 164 156 228 104
451 158 749 216 Diodor.m65.66.

89 305 235 390 κατέχων
258 306 426 391 φρούριον
449 317 516 371 τῶν
534 307 739 390 Μεσσηνίων
757 303 973 390 ἐπηγγείλατο
997 306 1108 388 λαβὼν

90 409 167 498 παρ’
186 414 298 479 αὐτῶν
319 413 498 498 τριάκοντα
520 412 664 477 τάλαντα
686 409 899 494 παραδώσειν
919 414 979 478 τὸν
997 414 1108 477 τόπον.

55 520 220 586 κδόντων
252 518 290 584 δέ
322 530 389 585 τῶν
420 520 626 603 Μεσσηνίων
658 517 897 603 <τ>ἀργύριον
929 520 970 584 οὐ
1004 521 1109 602 μόνον

90 626 287 705 διεψεύσατο
319 628 398 702 τοὺς
429 625 669 702 πιστεύσαντας
699 633 758 709 τῆς
784 623 994 709 ἐπαγγελίας,
1027 625 1110 690 ἀλλά

90 733 145 798 καί
180 733 242 816 τήν
274 736 460 817 Μεσσήνην
492 732 597 816 αὐτήν
629 730 819 818 ἐπεχείρησε
855 731 1109 815 καταλαβέσθαι.
1143 751 1156 792 ε

91 841 282 921 πυθόμενος
309 841 373 924 γάρ
402 838 501 925 μέρος
523 862 555 903 τι
576 847 637 905 τοῦ
660 841 789 923 τείχους
812 838 849 904 ἐν
873 839 956 924 αὐτῇ
979 855 1164 906 πεπτω-369

91 944 184 1011 κέναι
224 949 303 1032 πεζή
340 945 402 1029 μὲν
438 949 517 1022 τοὺς
555 947 663 1022 ίππείς
700 944 907 1014 ἀπέστειλεν,
927 944 964 1011 ἐκ
998 950 1112 1029 Συρα-

90 1061 255 1136 κουσσῶν,
292 1053 392 1130 αὐτὸς
427 1049 458 1118 δ’
481 1051 658 1135 ἀναλαβὼν
694 1062 778 1129 ναῦς
808 1052 960 1136 ἡμιολίας
991 1053 1112 1129 νυκτὸς

57 1158 290 1227 εκατέπλευσε
319 1161 463 1243 πλησίον
492 1168 549 1242 τῆς
578 1161 713 1235 πόλεως.
765 1158 1044 1245 προαισθομένων
1075 1159 1112 1225 δέ

91 1276 158 1332 τῶν
189 1264 595 1351 [προήέπιβουλευομένων
629 1266 750 1350 ταύτης
780 1266 842 1349 μὲν
870 1272 929 1351 τῆς
956 1264 1112 1349 ἐπιβολῆς
1132 1290 1159 1329 10

92 1372 264 1458 ἀπέτυχεν,
287 1371 342 1439 ἐπὶ
365 1374 403 1439 δέ
427 1375 485 1450 τὰς
502 1373 625 1450 Μύλας
647 1373 791 1450 πλεύσας
813 1373 869 1439 καί
891 1377 1113 1458 πολιορκήσας

91 1483 129 1546 τὸ
148 1481 314 1565 φρούριον
336 1481 381 1546 δι’
394 1480 573 1565 ὁμολογίας
595 1479 770 1565 παρέλαβε.
806 1482 862 1545 καί
883 1483 958 1546 τότε
980 1481 1041 1563 μὲν
1065 1482 1112 1558 είς

92 1588 334 1674 Συρακούσσας
352 1586 537 1673 ἐχωρίσθη,
559 1588 641 1653 κατά
660 1586 697 1652 δέ
715 1588 773 1664 τὰς
790 1598 859 1653 τῶν
876 1598 1013 1672 καρπῶν
1033 1602 1113 1671 συγ-

57 1713 74 1759 4
92 1695 229 1777 κομιδὰς
247 1694 349 1760 πάλιν
363 1692 580 1779 ἐστράτευσεν
596 1692 651 1759 ἐπλ
669 1696 731 1778 τήν
744 1698 938 1779 Μεσσήνην.
969 1697 1112 1778 πλησίον

92 1801 130 1866 δὲ
152 1810 210 1884 τῆς
232 1803 359 1878 πόλεως
379 1801 663 1886 στρατοπεδεύσας
681 1800 737 1865 καὶ
755 1803 944 1885 προσβολάς
963 1812 1113 1887 συνεχεῖς
1133 1821 1159 1862 ιε

93 1908 292 1990 ποιούμενος
310 1907 411 1973 οὐδέν
432 1906 607 1991 ἀξιόλογον
630 1907 746 1991 ίσχυσε
768 1907 891 1989 βλάψαι
915 1911 994 1985 τοὺς
1016 1913 1113 1974 πολε-

92 2017 201 2097 μίους·
225 2015 280 2080 καὶ
302 2017 367 2101 γάρ
390 2025 458 2080 των
482 2013 518 2080 ἐκ
536 2000 789 2099 Συρακουσσῶν
809 2013 973 2097 φυγάδων
994 2016 1114 2081 πολλοὶ

94 2122 439 2208 συνεδεδραμήκεισαν
462 2123 509 2198 είς
532 2123 593 2206 τήν
611 2122 721 2202 πόλιν,
744 2120 779 2183 οδ
795 2120 850 2185 καλ
868 2120 924 2185 διὰ
942 2123 1004 2206 τήν
1023 2123 1114 2187 ἰδίαν

94 2229 278 2313 ἀσφάλειαν
307 2229 363 2294 καὶ
392 2229 448 2293 διά
476 2229 514 2293 τὸ
544 2228 628 2312 πρὸς
654 2228 714 2291 τὸν
741 2226 910 2312 τύραννον
939 2231 1035 2312 μίσος
1062 2227 1114 2294 ἐκ·

58 2338 211 2417 σθύμως
231 2336 442 2419 ήγωνίζοντο.
488 2331 567 2399 καθ’
585 2333 626 2398 ὃν
648 2333 690 2417 δή
713 2335 838 2418 χρόνον
859 2331 943 2418 ήκον
966 2334 1002 2401 ἐκ
1023 2339 1114 2422 Καρ·
1132 2355 1159 2396 ω

93 2443 235 2527 χηδύνος
271 2441 440 2527 πρέσβεις,
478 2442 590 2529 obn}
622 2439 684 2521 μέν
710 2436 907 2524 Ἀγαθοκλεῖ
938 2441 1015 2526 περὶ
1046 2452 1114 2507 τῶν

93 2547 314 2633 πραχθέντων
350 2546 550 2631 ἐπετίμησαν
587 2547 632 2624 ὡς
667 2549 909 2632 παραβαίνοντι
944 2549 1002 2625 τάς
1034 2565 1114 2614 συν-

94 2659 215 2739 θήκας,
243 2664 312 2732 τοῖς
334 2654 372 2720 δέ
395 2655 602 2737 Μεσσηνίοις
624 2654 762 2739 εἰρήνην
784 2655 1036 2738 παρεσκεύασαν
1058 2657 1115 2721 καλ

94 2763 132 2827 τὸ
160 2761 326 2847 φρούριον
349 2761 595 2845 ἀναγκάσαντες
622 2760 888 2845 ἀποκαταστῆσαι
910 2763 971 2826 τὸν
993 2762 1115 2845 τύραν-

60 2885 76 2933 6
94 2893 157 2934 νον
176 2868 387 2934 ἀπέπλευσαν
406 2870 453 2945 εἰς
470 2868 532 2951 τήν
550 2868 692 2952 Λιβύην.
729 2866 746 2932 ὁ
766 2867 797 2933 δ’
808 2865 1014 2952 Ἀγαθοκλῆς
1031 2890 1115 2953 παρ-
1133 2889 1159 2929 ει

96 2977 207 3041 ελθὼν
230 2976 278 3052 είς
293 2973 489 3056 Ἀβάκαινον
512 2976 612 3039 πόλιν
631 2975 813 3060 σύμμαχον,
835 2977 914 3052 τοὺς
932 2975 1116 3055 δοκοῦντας

166 3168 184 3222 3
230 3168 407 3241 τ>ἀργύριον
434 3166 550 3234 Reiske3
579 3167 646 3222 libri
673 3168 816 3237 ἀργύριον.
895 3167 914 3222 4
940 3176 1002 3231 ταῖς
1029 3168 1115 3239 ἐπαγ-

95 3237 199 3364 χελίαις
241 3284 246 3294 .
319 3239 355 3294 10
378 3236 717 3311 [προ]ἐπιβουλευομίνων
738 3238 786 3292 RF
812 3238 1115 3310 (προέπιβουλευόντων

120 3314 143 3380 );
159 3328 227 3366 corr.
242 3311 353 3366 Reiske.
386 3310 533 3380 ἐπιβουλῆς
546 3310 576 3365 F.
624 3310 660 3365 12
678 3307 710 3365 τὸ
729 3328 782 3364 om.
797 3309 856 3363 ΒΧ.
906 3310 942 3365 13
960 3310 1114 3384 ἐχωρίσθη]

96 3383 252 3452 ἀνεχώρησε
275 3383 305 3436 F.
378 3382 414 3436 16
438 3380 500 3435 κατ’
525 3381 609 3436 ούδέν
632 3382 661 3436 P.
735 3380 770 3436 18
795 3383 1056 3452 συνδεδραμήκασιν
1079 3384 1115 3451 F3

80 3454 370 3522 συνεδεδραμήκεισαν
387 3453 473 3509 Dind.
516 3453 567 3525 τὴν
581 3470 635 3508 om.
654 3451 712 3507 ΒΧ.
785 3451 821 3507 19
848 3450 927 3521 μίσος
955 3453 1050 3520 σοβάς
1078 3455 1114 3508 cf.

72 3517 291 3580 When-Sem.
310 3544 341 3596 p.
354 3532 392 3582 67
407 3544 448 3598 sq.
