2460 3848
61 182 87 235 X
436 179 700 234 ARGUMENTUM

62 276 116 324 cap.

61 350 103 400 86.
131 343 307 398 Ptolemaeus
326 340 459 397 Sidonem
478 343 507 396 et
525 339 630 409 Tyrum
648 340 679 394 in
698 339 870 394 deditionem
888 340 1001 410 redigit.

61 429 103 478 8⁷.
131 424 163 478 ln
190 423 304 490 Europa
331 420 516 490 Telesphorus
544 419 580 473 ab
607 421 750 490 Antigono
781 420 888 489 deficit;
921 438 976 490 quo
1004 421 1080 476 facto

167 502 343 558 Ptolemaeus
371 501 507 571 Antigoni
537 501 594 553 dux
620 516 679 554 rem
706 500 737 553 in
763 499 955 569 Peloponneso
984 504 1081 556 contra

167 601 231 640 eum
250 581 331 652 gerit.

60 673 102 722 88.
130 666 163 720 in
185 662 271 733 Epiro
290 661 420 715 Alcetam
442 677 544 715 novum
569 677 664 730 regem
687 661 832 730 Lycisous,
856 661 991 717 Casandri
1015 662 1080 729 dux,

167 744 290 798 infestat.
318 740 432 809 Duplici
446 739 552 808 proelio
567 740 735 810 confligunt
752 740 840 796 altero
854 740 976 809 Alcetas,
991 741 1080 797 altero

81 845 86 851 ·
166 823 298 893 Lyciscus
316 820 413 875 vincit.

60 912 102 961 89.
131 904 273 960 Casander
299 902 357 955 suis
384 918 547 956 succurrens
572 900 648 954 facta
673 917 736 954 cum
761 901 861 957 Alceta
887 919 957 970 pace
983 906 1080 958 contra

166 981 360 1053 Apolloniatas
386 981 486 1048 movit3
512 982 562 1036 sed
586 981 693 1050 proelio
716 981 814 1049 pulsus
836 983 867 1036 in
884 982 1080 1038 Macedoniam

166 1064 248 1121 redit.
289 1060 424 1116 Leucadii
447 1078 464 1115 a
487 1060 627 1116 Casandro
655 1061 796 1118 deficiunt.
833 1061 963 1117 Alcetam
981 1065 1024 1117 sui
1043 1065 1079 1118 ob

167 1146 226 1200 eius
245 1141 407 1211 superbiam
426 1141 579 1197 trucidant.

59 1234 101 1282 90.
129 1227 162 1280 In
180 1225 247 1278 Asia
271 1222 403 1277 Seleucus
425 1224 490 1290 post
512 1222 617 1275 victum
640 1221 814 1278 Demetrium
833 1223 1019 1292 Babyloniam
1037 1241 1080 1278 re-

165 1307 262 1375 petere
278 1304 374 1372 parat,
396 1301 515 1355 confisus
533 1301 753 1371 Babyloniorum
771 1304 801 1357 in
820 1320 849 1357 se
867 1302 1079 1359 benevolentiae

55 1424 58 1431 «
166 1403 199 1439 ac
210 1384 284 1438 fidei.
303 1383 371 1436 Eius
383 1381 548 1452 gravissima
560 1382 598 1435 ad
608 1382 784 1451 trepidantes
795 1382 900 1438 milites
912 1384 1078 1440 exhortatio.

58 1475 101 1523 91.
130 1465 266 1535 Antigoni
291 1462 413 1517 asseclae
437 1463 468 1515 in
491 1478 583 1516 arcem
606 1463 748 1531 quandam
766 1464 873 1532 recepti
891 1463 974 1518 facile
993 1466 1077 1533 capti.

165 1543 352 1614 Babyloniam
371 1541 503 1597 Seleucus
521 1545 676 1611 recuperat.

59 1635 101 1684 92.
128 1627 265 1692 Nicanor,
279 1623 391 1677 Mediae
405 1622 474 1688 dux,
489 1622 519 1675 in
533 1621 680 1677 Seleucum
694 1623 800 1679 bellum
814 1641 928 1680 movens
941 1624 1078 1682 funditur.

165 1707 237 1761 Tum
268 1702 373 1758 milites
406 1703 543 1772 Antigoni
576 1721 679 1774 magno
714 1720 829 1759 numero
862 1706 899 1758 ad
932 1705 1079 1761 Seleucum

164 1786 345 1842 transierunt.

58 1875 100 1924 93.
128 1868 159 1922 in
174 1864 349 1921 Demetrium
362 1863 470 1918 interea
483 1863 514 1917 in
528 1865 670 1932 superiore
685 1865 766 1934 Syria
780 1864 972 1920 subsidentem
985 1865 1079 1922 Ptole-

164 1963 260 2002 maeus
284 1942 373 1999 Oillen
396 1960 460 1997 cum
483 1944 607 1998 exercitu
629 1945 714 1999 misit.
753 1944 808 1999 Sed
826 1946 901 1999 hunc
919 1945 1078 2000 Demetrius

164 2028 195 2081 in
212 2026 275 2095 ipso
293 2025 395 2079 itinere
410 2041 575 2094 oppressum
588 2025 657 2079 vicit
671 2028 700 2079 et
714 2026 856 2094 captivum
871 2025 959 2080 duxit.
989 2025 1079 2080 Simul

164 2107 322 2176 Antigonus
347 2104 406 2159 eius
429 2107 511 2173 pater
533 2105 638 2159 auxilio
661 2106 746 2160 venit.
784 2105 882 2174 Itaque
900 2105 1078 2162 Ptolemaeus

165 2187 252 2242 satius
270 2185 381 2254 putavit
399 2184 430 2238 in
448 2188 611 2254 Aegyptum
629 2201 659 2240 se
677 2186 810 2255 recipere.

57 2275 99 2324 94.
128 2268 304 2336 Recuperata
329 2264 410 2334 Syria
432 2265 591 2334 Antigonus
613 2266 644 2318 iu
666 2264 801 2319 Arabiam
824 2265 941 2335 suscipit
964 2268 1078 2336 expedi·

163 2349 282 2412 tionem,
305 2345 390 2398 misso
410 2344 555 2399 Athenaeo
579 2362 642 2399 cum
665 2345 797 2401 exercitu.
834 2346 960 2400 Arabum
978 2365 1077 2415 mores,

163 2428 307 2493 instituta,
325 2425 417 2479 rictus
435 2424 639 2480 describuntur.

57 2516 99 2564 95.
128 2509 289 2563 Athenaeus
320 2503 428 2558 Arabes
464 2505 599 2575 opprimit
630 2506 804 2575 multamque
835 2509 961 2575 reportat
997 2525 1078 2578 prae·

165 2589 237 2642 dam.
280 2584 335 2639 Sed
362 2583 470 2639 Arabes
496 2585 619 2639 vicissim
646 2585 785 2641 Athenaei
818 2589 909 2642 castra
940 2589 1078 2643 invadunt

163 2668 364 2738 ingentemque
382 2664 409 2719 ei
427 2665 552 2719 inferunt
571 2664 688 2721 cladem.

58 2755 98 2803 96.
127 2747 233 2802 Mutuis
252 2745 354 2799 litteris
374 2748 402 2800 et
421 2744 528 2801 Arabes
544 2747 573 2800 et
586 2745 745 2817 Antigonus
760 2748 908 2817 posthaec
923 2747 1077 2804 amicitiam

164 2825 342 2881 simulabant.
372 2824 438 2879 Mox
452 2825 611 2896 Antigonus
629 2826 719 2881 filium
732 2827 907 2882 Demetrium
922 2845 986 2881 cum
1000 2845 1078 2883 exer-

163 2908 222 2962 citu
239 2907 328 2974 misit,
348 2909 381 2960 ut
399 2905 506 2961 Arabes
525 2905 597 2960 clam
616 2907 794 2977 opprimeret.

57 2996 98 3043 97.
128 2988 196 3044 Cum
223 2986 331 3040 Arabes
363 2985 418 3040 sibi
444 2988 665 3057 prospexissent,
697 2987 857 3043 Demetrius
885 2989 1077 3058 nequidquam

164 3085 210 3122 eos
243 3067 436 3138 oppugnabat.
487 3067 673 3132 Quamobrem
705 3067 812 3122 Arabes
845 3069 871 3122 ei
903 3067 986 3124 facile
1014 3087 1077 3138 per-

163 3147 332 3214 suadebant,
351 3151 384 3201 ut
402 3147 525 3217 acceptis
545 3147 625 3201 donis
644 3148 740 3217 copias
759 3147 919 3204 abduceret.

57 3228 277 3284 essecestra
302 3231 395 3282 movet
420 3227 579 3281 Demetrius
605 3228 642 3281 ad
667 3228 759 3281 lacum
782 3228 970 3297 Asphaltiten.
1008 3230 1077 3286 Dius

161 3309 239 3363 lacus
259 3308 336 3363 etin
355 3324 387 3361 eo
405 3309 467 3361 nati
485 3307 632 3361 bituminis
652 3308 812 3376 descriptio,

56 3396 115 3444 100.
135 3389 221 3445 Bedit
245 3388 404 3443 Demetrius
432 3388 469 3441 ad
496 3391 619 3457 patrem,
643 3389 692 3456 qui
713 3405 813 3457 pacem
836 3407 899 3444 oum
922 3391 1076 3446 Nabataeis

150 3468 274 3536 indigne
293 3466 413 3523 ferebat.
453 3467 522 3538 Spes
542 3467 728 3538 deputandis
748 3485 763 3523 e
781 3467 919 3526 bitumine
937 3471 1076 3525 reditibus

138 3560 205 3596 eum
221 3546 366 3603 frustrata
381 3552 434 3604 est.
459 3548 578 3606 Interea
590 3549 693 3605 nuntio
708 3549 1085 3618 acceptoSeleueumBaby-
