2460 3848
448 189 490 244 01.
502 194 562 256 116,
573 195 601 243 1:
622 193 674 244 316
689 204 713 242 a.
725 186 788 244 chr.
1084 193 1127 257 39

79 363 82 369 ·
107 337 265 420 βεβηκόσι
293 334 482 421 σατράπαις.
529 332 764 413 ἀναζεύξαντες
791 327 854 399 οὖν
882 333 946 400 ἀπὸ
973 344 1033 402 τοῦ
1057 343 1128 403 Πα-

108 445 268 530 σιτίγριος
299 450 449 528 προῆγον
480 450 538 526 τῆς
570 442 738 526 Περσίδος
769 441 817 518 είς
848 440 1059 527 Περσέπολιν
1089 446 1127 510 τὸ

106 551 288 634 βασίλειον,
325 550 428 633 ούσης
458 557 517 632 τῆς
549 547 743 633 ὁδοιπορίας
772 548 905 634 ἡμερῶν
937 549 1042 614 εἴκοσι
1073 551 1128 616 καί

105 655 287 742 τεσσάρων,
318 651 358 739 ἧς
387 652 431 740 ῆν
461 656 482 738 ἡ
515 655 628 741 πρώτη
660 653 722 737 μέν
750 654 810 733 ἕως
837 664 895 740 τῆς
923 656 1128 742 καλουμένης

75 765 275 846 εΚλίμακος
302 764 413 847 κοίλη,
444 762 660 846 καυματώδης
687 761 725 828 δὲ
752 761 807 826 καὶ
835 765 1039 842 σπανίζουσα
1060 775 1128 830 τῶν

106 868 313 954 ἐπιτηδείων,
334 870 355 952 ἡ
380 870 478 953 λοιπὴ
501 868 540 934 δὲ
562 866 724 951 μετέωρος
746 868 802 934 καλ
824 869 884 935 τὸν
908 868 989 956 ἀέρα
1010 892 1129 937 παντε-

106 980 171 1053 λῶς
199 975 350 1060 ὑγιεινὸν
381 973 503 1061 έχουσα
532 975 588 1040 καλ
617 978 745 1061 πλήρης
771 987 839 1042 τῶν
867 975 1023 1044 ἐπετείων
1050 1002 1128 1064 καρ-

106 1094 193 1150 πῶν·
221 1083 374 1159 αὐλῶνάς
400 1105 436 1148 τε
463 1083 528 1168 γάρ
552 1075 619 1167 εἶχε
641 1084 791 1160 πυκνούς
813 1083 869 1148 καλ
891 1087 1050 1163 συσκίους
1073 1086 1162 1152 καλε

106 1191 318 1275 παραδείσων
337 1192 475 1275 φυτείας
492 1191 658 1273 ποικίλας,
682 1186 730 1254 έτι
748 1188 786 1255 δὲ
809 1191 1031 1257 παντοδαπῶν
1054 1192 1128 1259 δέν-

61 1319 87 1359 1ο
107 1297 198 1382 δρων
230 1299 374 1382 φυσικάς
406 1299 587 1380 συναγκίας
623 1295 679 1361 καλ
716 1296 828 1381 ῥύσεις
863 1296 1007 1381 ὑδάτων,
1045 1298 1128 1364 ὥστε

105 1405 184 1481 τοὺς
204 1403 467 1490 ὁδοιποροῦντας
488 1404 569 1486 μετά
591 1407 716 1487 πολλῆς
737 1402 883 1488 τέρψεως
906 1402 1128 1490 ἐνδιατρίβειν

104 1512 219 1588 τόποις
249 1512 398 1594 ἡδίστοις
430 1511 514 1595 πρὸς
547 1509 744 1575 ἀνάπαυσιν.
798 1506 842 1594 ἦν
874 1509 912 1576 δέ
947 1511 1003 1576 καλ
1039 1514 1128 1590 λείας

105 1617 318 1704 παντοδαπῆς
354 1621 500 1702 πλῆθος,
536 1616 580 1700 ἣν
616 1618 906 1700 μεταπεμπόμενος
938 1617 1129 1704 Πευκέστης

105 1724 194 1808 παρά
216 1735 284 1816 τῶν
302 1722 473 1809 ἐγχωρίων
496 1723 645 1788 διεδίδου
669 1724 792 1808 δαψιλῆ
813 1733 883 1801 τοῖς
904 1727 1128 1812 στρατιώταις,

60 1851 86 1892 ιι
105 1829 347 1913 ἐκκαλούμενος
370 1831 482 1896 αὐτῶν
503 1832 566 1913 τὴν
589 1830 734 1895 εύνοιαν.
775 1839 968 1898 κατοικοῦσι
990 1832 1028 1899 δὲ
1050 1835 1128 1899 ταύ-
1146 1851 1163 1899 4

105 1962 167 2023 την
193 1940 255 2021 τὴν
282 1939 395 2024 χώραν
421 1947 489 2003 τῶν
512 1941 656 2022 Περσῶν
684 1937 718 2001 οί
744 1936 980 2023 μαχιμώτατοι,
1007 1940 1128 2018 πάντες

106 2045 200 2122 ὄντες
217 2042 348 2122 τοξόται
366 2044 422 2110 καλ
440 2045 680 2129 σφενδονῆται,
703 2047 970 2133 πολυανθρωπίᾳ
987 2069 1023 2111 τε
1040 2049 1127 2113 πολὺ

105 2151 280 2238 διαφέρειν
312 2153 488 2235 συμβαίνει
519 2153 582 2234 τὴν
612 2151 725 2237 χώραν
756 2151 882 2236 ταύτην
912 2163 981 2218 τῶν
1017 2155 1128 2220 ἀλλων

106 2269 323 2344 σατραπειῶν.
368 2260 414 2336 ὡς
436 2258 476 2324 δέ
496 2255 577 2325 ποθ’
594 2255 678 2343 ἧκον
701 2259 749 2336 εἰς
771 2258 983 2343 Περσέπολιν
1006 2260 1043 2325 τδ
1069 2261 1180 2343 ρέα-22

60 2387 86 2427 1ο
106 2368 243 2451 σίλειον,
271 2365 462 2451 Πευκέστης
488 2365 561 2450 μέν,
588 2367 636 2431 ών
663 2365 785 2450 ταύτης
812 2375 870 2451 τῆς
897 2367 1006 2452 χώρας
1032 2382 1128 2453 στρα-

104 2475 219 2558 τηγός,
248 2475 376 2540 θυσίαν
403 2471 572 2539 ἐπετέλεσε
599 2478 831 2559 μεγαλοπρεπῆ
854 2483 925 2551 τοῖς
952 2479 1046 2552 θεοῖς
1073 2475 1128 2541 καὶ

102 2577 306 2668 Ἀλεξάνδρῳ
329 2580 385 2646 καλ
411 2582 581 2668 Φιλίππφ,
608 2581 901 2664 μεταπεμψάμενος
928 2580 966 2647 δὲ
993 2579 1027 2660 ἐξ
1050 2582 1128 2667 ὅλης

106 2688 227 2771 σχεδὸν
253 2697 312 2772 τῆς
334 2689 502 2774 Περσίδος
531 2689 660 2772 ἱερείων
687 2688 833 2754 καὶτῶν
856 2689 967 2754 ἀλλων
989 2699 1058 2754 τῶν
1081 2691 1129 2766 είς

105 2792 249 2878 εὐωχίαν
267 2794 322 2860 καὶ
340 2797 530 2881 πανήγυριν
552 2796 723 2881 χρησίμων
746 2800 877 2880 πλῆθος
900 2796 1043 2861 εἱστίασε
1066 2798 1128 2880 την

60 2921 86 2960 τε
106 2900 259 2983 δύναμιν.
291 2900 461 2986 ἐπλήρωσε
480 2901 517 2967 δὲ
536 2912 593 2986 τῆς
611 2911 679 2967 τῶν
697 2904 991 2988 πανηγυριζόντων
1005 2903 1129 2978 θυσίας
1147 2920 1162 2968 2

105 3007 249 3085 κύκλους
275 3007 437 3093 τέσσαρας
463 3006 557 3085 ἐντὸς
587 3006 741 3092 ἀλλήλων
770 3009 869 3086 ’όντας
898 3009 954 3074 καί
981 3029 1129 3094 περιεχο-

178 3143 264 3202 Ῑούν
314 3147 349 3216 ἀρ
368 3148 398 3202 F.
472 3147 697 3218 ὅκαυματώδης
719 3168 748 3203 τε
771 3149 821 3202 καλ
841 3149 872 3203 F.
947 3146 1127 3222 λέπετείων]

106 3215 241 3287 ἐφεστίων
317 3260 323 3273 .
395 3219 432 3274 10
454 3218 575 3288 φυτικδις
597 3219 690 3274 Madv.
705 3220 718 3273 Ι
736 3237 764 3288 p.
780 3225 832 3274 510
852 3221 894 3290 (ελ
912 3219 948 3274 cf.
963 3219 988 3273 V
1004 3226 1045 3287 19,
1056 3226 1080 3275 2.
1092 3223 1128 3291 3).

106 3287 260 3359 συναγκίας
292 3290 387 3357 codd.;
419 3290 450 3344 in
479 3290 540 3344 cod.
562 3291 588 3344 R
613 3291 678 3345 adn.
705 3298 729 3345 2.
748 3309 784 3347 m.
812 3288 963 3362 συνεχείας.
1025 3291 1127 3365 ῥύσεις]

106 3361 210 3452 φύσεις,
223 3361 318 3428 codd.;
338 3378 406 3453 ρους.
421 3361 512 3454 Βίτοβ.
527 3364 556 3416 et
572 3362 675 3417 Reiske
695 3363 763 3431 (‘vel
781 3363 910 3433 χόοεις’);
930 3361 1127 3451 βλύσειςῑὸφαλ

105 3431 446 3576 ὶιιιαυάιηά
463 3453 561 3579 αα
576 3433 654 3562 {m
671 3433 1176 3585 δμῶές

89 3573 161 3626 edd.
234 3573 273 3628 26
290 3576 394 3641 κύκλος
413 3578 447 3635 X.
489 3577 587 3658 ἐντὸς]
607 3578 676 3647 ἐνδς
695 3583 753 3638 εισι
772 3575 862 3640 ἕκτος
874 3570 1008 3628 &affl-
