2460 3848
114 162 182 227 248
485 159 716 215 οὶοεοιμαεο,
727 164 769 214 51.

117 314 215 370 τοῦτο
239 306 276 370 τὸ
299 304 397 390 κέρας
418 303 471 389 ἐφ’
485 300 525 370 οὗ
544 305 599 369 καὶ
618 304 718 382 αὐτὸς
734 305 854 388 ήμελλε
872 304 1137 388 διαγωνίζεσθαι.

81 413 199 478 4κατά
230 411 335 496 μέσην
367 411 405 476 δέ
436 413 497 496 τήν
527 409 620 489 τάξιν
648 413 689 476 τδι
718 410 872 496 ἐλάχιστα
901 421 969 478 τῶν
999 421 1139 495 σκαφῶν

117 516 265 603 ἔστησεν,
294 514 341 584 ὧν
363 519 507 603 ἡγοῦντο
533 521 686 601 Θεμίσων
708 542 744 584 τε
771 519 789 585 ὁ
812 518 939 601 Σάμιος
962 518 1017 583 καὶ
1040 523 1139 602 Μαρ-

118 625 237 703 σύαςδ
261 627 319 703 τάς
337 626 572 702 Μακεδονικὰς
594 624 727 712 πράξεις
750 623 1002 708 συνταξάμενος.
1038 626 1076 690 τὸ
1100 625 1139 690 δὲ

117 730 228 810 δεξιὸν
251 727 317 817 εἶχε
342 732 440 819 κέρας
459 731 666 817 Ἡγήσιππός
688 755 723 798 τε
747 730 1061 814 δἍλικαρνασσεὺς
1083 732 1139 797 καὶ
1173 753 1185 792 ε

117 841 297 916 Πλειστίας
320 839 337 904 δ
357 843 470 927 Κῷος,
493 839 774 926 ἀρχικυβερνήτης
797 840 845 903 διν
863 848 923 904 τοῦ
947 838 1139 921 σύμπαντος

81 948 248 1011 σστόλου.
302 950 510 1028 Πτολεμαῖος
541 947 579 1012 δὲ
610 948 648 1012 τὸ
679 946 741 1029 μὲν
772 956 906 1030 πρῶτον
938 943 987 1011 έτι
1018 947 1139 1023 νυκτὸς

117 1051 250 1118 ἐπέπλει
281 1054 364 1118 κατά
401 1053 554 1137 σπουδήν
585 1052 639 1119 ἐπὶ
675 1055 737 1138 τήν
768 1057 959 1136 Σαλαμῖνα,
995 1054 1140 1134 νομίζων

117 1160 249 1244 φθάσαι
271 1162 351 1236 τοὺς
372 1162 551 1242 πολεμίους
573 1162 633 1226 τὸν
657 1159 817 1226 εἴσπλουν
837 1159 1071 1244 ποιησάμενος·
1094 1160 1139 1237 ὡς

117 1264 148 1331 δ’
174 1265 298 1353 ἡμέρας
329 1265 565 1351 ἐπιγενομένης
596 1267 637 1332 ού
669 1268 799 1353 μακράν
829 1266 846 1331 δ
879 1276 947 1331 τῶν
976 1265 1139 1332 ἐναντίων
1159 1288 1186 1328 ιο

118 1377 235 1452 στόλος
262 1373 497 1459 ἐκτεταγμένος
524 1373 664 1458 έωράτο,
691 1374 746 1439 καὶ
773 1374 874 1451 αὐτὸς
900 1375 940 1439 τά
967 1369 1051 1456 πρὸς
1077 1373 1140 1456 τήν

82 1483 305 1566 θναυμαχίαν
328 1480 594 1564 παρεσκευάζετο.
642 1482 684 1546 τά
711 1481 773 1563 μὲν
801 1475 864 1547 ούν
887 1483 987 1564 πόρια
1009 1482 1140 1566 πόρρω-

116 1596 182 1654 θεν
212 1586 458 1653 ἐπακολουθεῖν
487 1591 719 1673 παρήγγειλεν,
747 1598 815 1654 τῶν
845 1587 884 1652 δὲ
912 1589 1023 1653 ἄλλων
1052 1598 1140 1653 νεῶν

117 1697 179 1779 τήν
211 1694 420 1779 ἁρμόζουσαν
451 1694 545 1773 τάξιν
576 1695 797 1778 ποιησάμενος
833 1695 933 1772 αὐτὸς
969 1695 1006 1759 τὸ
1039 1695 1195 1759 λαιὸν444

117 1800 215 1886 κέρας
233 1801 427 1887 διακατεῖχε,
445 1801 762 1886 συναγωνιζομένων
781 1802 870 1888 αὐτῷ
889 1812 956 1867 τῶν
974 1803 1138 1884 μεγίστων
1157 1820 1185 1860 ιι

118 1918 265 1993 σκαφῶν.
311 1910 466 1994 τοιαύτης
493 1909 530 1974 δὲ
557 1915 616 1993 τῆς
639 1906 815 1985 διατάξεως
837 1907 1018 1992 γενομένης
1041 1907 1139 1991 εὐχάς

118 2014 267 2101 ἑκάτεροι
289 2025 359 2092 τοῖς
380 2022 476 2094 θεοῖς
499 2014 690 2099 ἐποιοῦντο,
718 2015 872 2100 καθάπερ
894 2011 937 2098 ήν
961 2012 1056 2097 ἐθος,
1084 2014 1140 2079 διδι

117 2133 186 2188 τῶν
207 2127 405 2206 κελευστῶν,
429 2121 737 2205 συνεπιλαβομένου
760 2122 899 2187 καὶτοῦ
922 2126 1077 2207 πλήθους
1099 2131 1140 2207 τῇ

65 2228 106 2294 51
120 2238 226 2314 φωνή.
266 2230 299 2294 οἱ
322 2229 360 2294 δὲ
383 2228 559 2313 δυνάσται,
583 2231 628 2307 ὡς
650 2229 693 2294 άν
711 2229 870 2315 περὶτοῦ
893 2230 971 2311 βίου
994 2229 1141 2294 καὶτῶν

118 2337 207 2401 ὅλων
229 2335 405 2418 μέλλοντες
428 2336 707 2419 διακινδυνεύειν,
725 2334 763 2401 ἐν
782 2333 910 2423 άγωνίρι
930 2339 1037 2421 πολλή
1056 2342 1141 2401 καθ·
1159 2355 1187 2395 το

118 2445 332 2527 ειστήαεισαν.
374 2446 564 2527 Δημήτριος
593 2442 655 2525 μὲν
685 2437 748 2508 οὖν
775 2452 843 2507 τῶν
871 2440 1034 2508 ἐναντίων
1059 2441 1141 2507 άπο-

118 2550 209 2632 σχὼν
231 2549 276 2625 ὡς
299 2548 341 2613 άν
358 2558 447 2633 τρεῖς
471 2549 627 2625 σταδίους
649 2545 730 2635 ήρεν
753 2551 790 2614 τὸ
815 2551 1034 2633 συγκείμενον
1057 2550 1142 2633 πρὸς

117 2654 225 2739 μάχην
244 2655 427 2740 σύσσημον,
445 2656 570 2722 άσπίδα
588 2654 854 2741 κεχρυσωμένην,
873 2657 1024 2742 φανεράν
1037 2665 1141 2721 πᾶσιν

83 2779 98 2826 2
118 2760 155 2827 ἐκ
178 2761 348 2846 διαδοχῆς·
372 2766 409 2830 τὸ
432 2767 665 2849 παραπλήσιον
688 2762 726 2828 δὲ
748 2763 803 2827 καὶ
825 2773 894 2828 τῶν
916 2763 992 2846 περὶ
1014 2766 1141 2827 Πτολε-

117 2878 218 2951 μαῖον
250 2869 461 2953 ποιησάντων
491 2872 574 2955 ταχύ
608 2872 646 2935 τὸ
683 2871 833 2953 διεῖργον
865 2869 1028 2954 διάστημα
1060 2886 1140 2935 συν·
1159 2888 1186 2928 2⁶

189 3099 207 3152 3
232 3097 370 3170 Θεμίσων]
399 3096 552 3168 Θεμιστίων
575 3099 610 3165 F3
637 3099 671 3152 cf.
698 3097 762 3152 XIX
785 3103 828 3160 62.
844 3105 868 3153 7.
923 3099 1075 3169 Μαρσύας]
1105 3097 1140 3151 cf.

118 3170 229 3224 Ritschl
253 3187 347 3240 opusc.
370 3169 383 3223 I
408 3188 434 3239 p.
455 3175 507 3224 449
516 3187 575 3238 sqq.
648 3170 666 3224 5
688 3171 914 3238 Ἁλικαρνασσεύς
930 3169 957 3222 X
981 3172 1141 3238 Ἁλικαρνα-

119 3243 181 3301 σεύς
206 3241 236 3293 F.
308 3241 326 3295 9
351 3241 476 3309 φθάσων
501 3240 584 3294 Dind.
639 3238 844 3310 ποιησαμένους
868 3240 927 3296 RX.
1005 3241 1040 3296 10
1062 3260 1141 3310 γενο-

119 3309 203 3380 μένης
221 3312 251 3364 F.
324 3312 359 3366 12
376 3332 464 3380 πορια
483 3316 514 3382 (ε.
529 3315 565 3380 ο.)
584 3312 610 3366 R
628 3310 715 3380 πόρια
732 3312 758 3364 X
775 3321 877 3380 πορεῖα
894 3313 925 3366 F.
999 3312 1034 3367 16
1056 3311 1141 3381 εύχδις

119 3400 172 3436 om.
192 3383 229 3448 R,
251 3384 342 3452 suppl.
363 3390 387 3436 1.
402 3402 438 3437 m.
512 3383 547 3438 18
570 3383 768 3438 έπιιιελενστῶν
786 3385 816 3438 F.
888 3384 923 3438 21
947 3384 1045 3439 malim
1069 3385 1140 3437 άπο-

107 3450 243 3577 σχάνταφ,
310 3454 349 3510 22
366 3455 430 3519 ὡςεὶ
448 3455 484 3524 Ρ;
504 3455 606 3511 ὡσανεὶ
630 3455 759 3510 Kallenb.
772 3454 830 3523 Ιφ.
846 3461 887 3509 22.
954 3454 990 3509 23
1007 3470 1140 3524 κεχρυσο-

88 3540 112 3585 μ
129 3541 188 3590 νην
233 3569 240 3581 .
1051 3563 1056 3570 -
