2460 3848
438 216 592 283 01.118‚4:
613 220 664 269 εοι
679 213 778 270 που.
1052 217 1117 282 293

101 365 179 439 τοὺς
202 361 240 426 δέ
262 371 373 445 γονεῖς
394 362 451 426 καί
470 362 591 439 παῖδας
608 360 793 445 τρέφεσθαι
811 360 1040 443 λαμβάνοντας
1058 362 1119 445 τήν

101 471 262 554 χορηγίαν
285 467 349 534 ἀπὸ
372 478 432 534 τοῦ
455 476 572 534 κοινοῦ
595 469 758 551 ταμιείου,
786 467 842 531 καί
868 469 927 544 τὰς
952 465 1014 549 μὲν
1036 487 1119 550 παρ-

100 574 226 652 θένους
249 575 392 661 δημοσίᾳ
414 575 658 657 προικίζεσθαι,
680 575 759 649 τοὺς
782 574 814 637 δ’
830 574 927 650 υίούς
949 571 987 639 ἐν
1008 574 1120 660 ἡλικίᾳ
1165 639 1172 650 ,

101 681 301 766 γενομένους
324 679 362 747 ἐν
384 692 430 767 τῷ
448 680 580 767 θειίτρφ
604 689 814 762 στεφανῶσαι
835 689 905 756 τοῖς
923 682 1119 758 Διονυσίοις

70 810 83 850 ε
102 790 278 875 πανοπλίᾳ.
320 788 435 854 διὰδὲ
457 787 586 852 τούτων
609 784 862 870 ἐκκαλεσάμενοι
884 788 942 864 τὰς
964 786 1120 852 ἁπάντων
1138 804 1155 850 4

101 897 293 982 προθυμίας
316 895 363 972 είς
385 895 423 960 τὸ
445 897 524 970 τοὺς
548 894 729 971 κινδύνους
755 893 935 976 ὑπομένειν
958 894 1120 979 εὐψύχως,

102 1001 300 1087 ἐποιήσαντο
336 1002 392 1066 καλ
429 1011 497 1065 τῶν
528 1002 640 1066 όίλλων
670 1003 733 1086 τήν
764 999 985 1086 ἐνδεχομένην
1016 1023 1121 1088 παρα-

102 1105 234 1193 σκευήν.
275 1106 498 1190 ὁμονοοῦντος
520 1109 584 1194 γὰρ
603 1116 663 1173 τοῦ
682 1105 835 1192 πλήθους
854 1109 886 1173 ολ
904 1108 966 1190 μὲν
984 1109 1121 1194 εύποροι

101 1212 239 1302 χρήματ’
257 1213 441 1300 εἰσέφερον,
465 1216 498 1280 ολ
520 1215 558 1280 δέ
575 1225 720 1299 τεχνῖται
738 1216 796 1291 τὰς
814 1214 924 1279 αὑτῶν
943 1212 1121 1300 ἐπιστήμας

58 1345 84 1383 10
102 1324 299 1408 παρείχοντο
322 1322 406 1405 πρὸς
429 1322 490 1405 τήν
512 1331 580 1385 τῶν
603 1321 716 1385 ὅπλων
737 1317 955 1405 κατασκευήν,
979 1321 1063 1397 ἅπας
1086 1321 1118 1384 δ’

101 1425 145 1513 ήν
177 1426 326 1514 ἐνεργός,
363 1436 403 1514 τή
440 1428 613 1513 φιλοτιμία
645 1429 724 1504 τοὺς
756 1428 878 1503 ἄλλους
908 1426 1121 1511 ὑπερθέσθαι

103 1536 266 1601 σπεύδων.
307 1535 422 1619 διόπερ
446 1535 480 1598 οί
501 1533 563 1616 μὲν
581 1531 732 1617 ἐγίνοντο
756 1535 833 1617 περί
855 1536 934 1610 τοὺς
955 1531 1121 1615 ὀξυβελεῖς
1139 1550 1155 1597 5

101 1643 157 1708 καλ
188 1641 426 1728 πετροβόλους,
458 1641 491 1705 ολ
523 1639 561 1704 δέ
591 1641 668 1725 περὶ
697 1642 758 1725 τήν
785 1650 853 1708 τῶν
883 1641 994 1705 ἄλλων
1024 1663 1121 1704 κατα·

103 1750 237 1834 σκευήν,
265 1749 353 1825 τινὲς
381 1748 419 1813 δέ
443 1749 484 1813 τὰ
506 1743 716 1831 πεπονηκότα
738 1758 805 1813 τῶν
828 1756 946 1831 τειχῶν
969 1745 1121 1812 ἐπεσκεύ-

58 1876 84 1917 ιι
103 1860 192 1939 αζον,
228 1861 377 1921 πλεῖστοι
414 1855 452 1920 δὲ
488 1857 608 1931 λίθους
644 1856 728 1941 πρὸς
763 1855 803 1918 τὰ
840 1856 930 1938 τείχη
962 1853 1121 1939 φέροντες

103 1961 279 2048 ἐσώρευον.
329 1961 513 2045 ἐξέπεμψαν
543 1961 581 2026 δὲ
612 1961 667 2026 καὶ
698 1972 766 2026 τῶν
798 1961 915 2043 ίίριστα
947 1965 1121 2026 πλεουσῶν

102 2079 189 2134 νεῶν
211 2079 300 2153 τρεῖς
327 2067 382 2134 ἐπὶ
404 2073 482 2145 τοὺς
504 2071 683 2151 πολεμίους
705 2068 761 2134 καλ
783 2068 862 2143 τοὺς
883 2068 1121 2152 παρακομίζον-

68 2236 72 2247 ,
102 2198 160 2251 τας
196 2175 310 2251 αὐτοῖς
347 2171 471 2260 ιἰγορολς
503 2173 677 2260 ἐμπόρους.
732 2169 829 2239 αὗται
861 2174 899 2239 δὲ
929 2171 1156 2258 παραδόξωςσ

103 2279 314 2366 ἐπιφανεῖσαι
342 2283 448 2347 πολλοὶ
475 2281 536 2363 μὲν
563 2287 664 2348 πλοῖα
690 2292 758 2347 τῶν
784 2279 839 2347 ἐπὶ
865 2282 927 2365 τήν
949 2282 1123 2366 προνομήν

59 2409 85 2450 εο
102 2395 160 2472 τής
192 2388 300 2474 χώρας
333 2388 494 2472 ὠφελείας
530 2388 628 2473 χιίριν
659 2389 829 2455 πλεόντων
860 2384 1015 2473 ἐμπόρων
1047 2409 1122 2453 κατ-

104 2493 292 2580 επόντισαν,
319 2495 381 2561 οὐκ
405 2493 500 2578 ὀλίγα
524 2494 561 2559 δέ
583 2496 639 2559 καλ
661 2496 744 2581 πρὸς
766 2497 826 2560 τὸν
850 2495 1002 2578 αίγιιιλὸν
1025 2517 1122 2560 κατα-

104 2613 232 2667 σπῶσαι
256 2601 467 2668 συνέκαυσαν
489 2601 634 2666 καὶτῶν
653 2602 867 2686 αἰχμαλώτων
890 2603 930 2667 τὰ
953 2602 1122 2684 δυνάμενα

104 2709 223 2773 δοῦναι
250 2708 374 2792 λύτρον
399 2709 616 2793 παρεκόμιζον
640 2708 687 2784 είς
713 2709 775 2792 τήν
798 2711 908 2773 πόλιν·
938 2708 1122 2775 συνέθεντο

103 2817 167 2900 γὰρ
201 2815 233 2880 ολ
260 2813 379 2879 Ῥόδιοι
413 2815 496 2900 πρὸς
532 2816 591 2879 τὸν
623 2817 817 2900 Δημήτριον
849 2815 932 2880 ὥστε
969 2814 1124 2900 ἀλλήλοις

59 2943 84 2982 ει
104 2922 235 2986 διδόναι
259 2921 382 3004 λύτρον
401 2919 582 3007 ἐλευθέρου
606 2921 667 3003 μὲν
687 2923 793 3005 χιλίας
817 2922 974 3006 δραχμάς,
997 2922 1121 2987 δούλου
1190 2969 1193 2975 ·

104 3028 142 3093 δέ
164 3030 388 3105 πεντακοσίας.

174 3222 190 3276 1
202 3221 364 3275 addendum
372 3221 484 3275 videtur
492 3223 557 3288 post
565 3228 657 3290 γονεῖς
665 3220 735 3291 (καλ
744 3219 911 3289 γυναῖκας>;
921 3220 954 3272 cf.
963 3217 1041 3271 XVII
1048 3225 1090 3285 11,
1097 3224 1120 3273 ὅ.

103 3293 121 3346 4
138 3301 200 3355 ταῖς
220 3297 298 3361 (corr.
314 3299 338 3347 2.
349 3294 397 3361 m.)
411 3289 573 3353 Διονυσίοις
591 3289 760 3353 πανοπλίαις
778 3292 807 3345 F.
842 3308 846 3315 ·
872 3290 889 3344 9
907 3287 1029 3360 τεχνίται
1047 3289 1121 3344 libri.

104 3364 197 3418 αὐτῶν
219 3364 249 3418 F.
318 3363 433 3418 10-12
452 3362 526 3424 ἅπας
544 3361 571 3416 δ’
589 3357 624 3431 ἦν
643 3360 937 3432 ἐνεργὸς-σπεύδων]
966 3360 1121 3431 ἐνεργῶς-

105 3435 271 3497 σπεύδοντες
283 3435 313 3488 F.
368 3435 403 3489 18
421 3433 601 3504 παρασκευήν
615 3433 648 3487 Χ.
704 3433 739 3486 15
757 3433 785 3487 ολ
798 3436 926 3486 πλεῖστοι
938 3431 1141 3485 mmm

104 3504 139 3558 19
158 3504 338 3574 ἐπιφανεῖσαι
356 3506 405 3561 καὶ
423 3505 514 3562 πολλὰ
529 3505 563 3562 F.
635 3505 676 3561 ‘m
699 3505 798 3576 χωρας
819 3501 939 3562 zm„
957 3494 1168 3557 &QX-‘lm‘

101 3575 129 3627 ‘fi
145 3575 296 3631 delendum
315 3576 464 3649 ἐμπόρων’
483 3579 606 3638 Reiske.
681 3577 724 3633 (δὲ
741 3576 838 3640 λύτρα
848 3571 894 3622 δέ·
