2460 3848
118 189 184 256 250
486 157 771 242 Diodor.XX51.52.

117 355 185 398 των
203 330 418 417 ἐφονεύοντο,
441 333 475 397 οί
498 332 535 397 δὲ
557 335 779 418 κρατήσαντες
801 341 859 416 της
881 329 1037 416 ἐπιβολῆς
1059 335 1138 409 τοὺς

117 439 179 522 μὲν
201 435 363 529 ἀνῄρουν,
392 440 471 516 τοὺς
498 438 536 504 δὲ
558 440 640 504 κατά
663 440 724 523 την
747 440 971 524 στενοχωρίαν
993 436 1105 521 ἐκβιαζ
1124 477 1138 486 -

117 570 212 629 μενοι
239 546 455 633 περιέτρεπον
480 547 528 623 είς
554 546 592 611 τὸ
620 545 770 629 πέλαγος.
816 546 901 623 ὅλως
928 545 965 610 δέ
992 547 1139 611 ποικίλαι

116 654 172 719 καί
202 653 386 739 παράλογοι
415 655 615 718 συνίσταντο
645 651 759 737 μάχαι,
791 652 949 729 πολλάκις
980 663 1048 717 τῶν
1077 652 1139 735 μὲν

116 762 266 845 ἡττόνων
282 758 550 846 ἐπικρατούντων
567 760 623 824 διὰ
641 760 703 842 τὴν
718 769 786 824 τῶν
802 770 941 843 σκαφῶν
960 758 1139 845 ὑπεροχήν,
1172 784 1185 824 ι

116 878 184 933 τῶν
203 866 241 932 δὲ
258 869 457 953 κρειττόνων
475 864 690 948 θλιβομένων
708 866 764 930 διδι
786 866 823 931 τὸ
847 866 924 950 περὶ
941 868 1003 950 τὴν
1021 867 1139 933 στάσιν

117 972 284 1056 ἐλάττωμα
315 974 371 1039 καὶ
401 976 464 1059 τὴν
495 973 688 1055 ἀνωμαλίαν
719 982 787 1037 τῶν
817 975 1072 1055 συμβαινόντων
1101 972 1140 1040 ἐν

83 1090 187 1157 ὄτοίς
215 1080 379 1157 τοιούτοις
407 1080 588 1157 κινδύνοις.
633 1079 688 1146 ἐπὶ
717 1080 779 1162 μὲν
808 1082 872 1166 γάρ
902 1091 970 1146 τῶν
997 1079 1052 1146 ἐπὶ
1081 1091 1140 1166 τῆς

116 1197 177 1271 γης
200 1186 340 1270 ἀγώνων
363 1186 520 1271 διάδηλος
541 1189 561 1272 ἡ
586 1186 685 1274 ἀρετὴ
708 1189 845 1270 γίνεται,
870 1187 1038 1272 δυναμένη
1061 1211 1140 1272 τυγ-

116 1294 232 1378 χάνειν
249 1305 318 1360 τῶν
336 1296 508 1380 πρωτείων
530 1294 673 1378 μηδενὸς
696 1289 822 1371 ἔξωθεν
845 1294 1033 1376 αύτομάτου
1056 1315 1139 1379 τιαρ-
1159 1318 1185 1358 ω

117 1407 348 1486 ενοχλοῶντος·
375 1402 458 1467 κατά
486 1400 524 1466 δὲ
551 1402 609 1478 τάς
635 1403 820 1485 ναυμαχίας
842 1402 967 1477 πολλάς
988 1401 1043 1466 καί
1066 1422 1140 1466 ποι·

115 1510 210 1586 κίλας
237 1510 344 1584 αἰτίας
372 1509 548 1590 συμβαίνει
575 1509 772 1593 παραλόγως
799 1505 959 1573 ἐλαττοῦν
984 1510 1063 1585 τοὺς
1091 1508 1137 1572 δι’

64 1612 107 1677 52
117 1614 277 1700 ἀνδρείαν
296 1615 432 1691 δικαίως
454 1613 497 1680 ἀν
519 1616 681 1698 τυχόντας
703 1624 761 1699 τῆς
783 1616 886 1698 νίκης.
928 1617 1140 1701 λαμπρότατα

117 1721 155 1786 δέ
184 1721 319 1787 πάντων
348 1725 540 1807 Δημήτριος
568 1721 755 1806 ἠγωνίσατο
788 1731 846 1806 της
875 1720 1039 1807 ἑπτήρους
1070 1719 1140 1787 ἐπι-

117 1828 265 1912 βεβηκὼς
296 1827 351 1894 ἐπὶ
382 1838 423 1914 τη
456 1829 600 1918 πρύμνη.
655 1828 793 1912 ἀθρόων
824 1829 889 1911 γάρ
922 1828 1011 1915 αὐτῷ
1048 1849 1140 1915 περι·
1159 1851 1185 1893 ιι

116 1934 292 2019 χυθέντων
315 1935 374 2012 οὓς
396 1935 458 2018 μέν
480 1945 552 2013 ταῖς
576 1937 710 2019 λόγχαις
733 1935 923 2018 ἀκοντίζων,
952 1933 1011 2012 οδς
1038 1935 1076 2000 δέ
1103 1935 1140 2002 ἐκ

116 2042 225 2126 χειρὸς
247 2053 293 2128 τῶ
309 2043 433 2128 ,δόρατι
456 2042 590 2107 τύπτων
608 2038 738 2131 ἀνῄρει·
762 2045 896 2106 πολλῶν
920 2041 958 2106 δὲ
979 2041 1035 2107 καί
1057 2063 1140 2107 παν-

116 2152 217 2215 τοίων
238 2152 347 2232 βελῶν
368 2146 419 2215 ἐπ’
433 2148 537 2214 αὐτὸν
560 2147 755 2232 φερομένων
778 2147 799 2212 ἀ
821 2147 883 2230 μὲν
906 2150 1141 2234 προορώμενος

117 2255 292 2340 ἐξέκλινεν,
328 2256 350 2321 ἀ
386 2255 425 2321 δὲ
459 2264 529 2332 τοῖς
563 2257 815 2341 σκεπαστηρίοις
849 2255 964 2332 ὅπλοις
996 2254 1194 2341 ἐδέχετοιόσ

82 2376 98 2424 2
117 2375 219 2448 τριῶν
243 2360 272 2428 δ’
291 2363 584 2449 ὑπερασπιζόντων
602 2361 706 2427 αὐτὸν
725 2353 772 2439 είς
794 2361 856 2444 μὲν
879 2364 981 2452 λόγχη
1004 2365 1142 2447 πληγείς
1159 2386 1186 2426 ιο

117 2467 245 2552 ἔπεσεν,
269 2471 301 2534 ολ
320 2467 358 2533 δὲ
380 2468 442 2533 δύο
465 2471 848 2552 κατετραυματίσθησαν.
885 2469 979 2547 τέλος
1002 2469 1039 2535 δὲ
1061 2474 1142 2548 τοὺς

118 2575 334 2651 ἀντιστάντας
352 2574 370 2640 ὁ
389 2578 580 2661 Δημήτριος
597 2573 834 2658 ἐκβιασάμενος
856 2577 912 2641 καί
933 2578 1062 2662 τροπὴν
1079 2586 1141 2644 τοῦ

118 2680 229 2759 δεξιοῦ
252 2681 388 2767 κέρατος
411 2686 551 2767 ποιήσας
574 2682 661 2747 εὐθύ
684 2683 740 2747 καί
762 2684 821 2759 τὰς
844 2693 994 2767 συνεχεῖς
1018 2662 1161 2768 φυγεῖν

83 2787 313 2872 3ἠνάγκασεν.
364 2794 572 2872 Πτολεμαῖος
601 2788 638 2853 δέ
667 2789 708 2854 τά
736 2788 874 2874 μέγιστα
902 2801 970 2855 τῶν
1000 2802 1141 2875 σκαφῶν

117 2896 173 2960 καί
202 2891 505 2980 τοὺςκρατίστους
534 2897 658 2982 ἀνδρας
681 2893 766 2981 έχων
789 2893 865 2978 μεθ’
885 2896 988 2962 αὑτοῦ
1017 2898 1142 2985 ῥηιδίως
1160 2920 1187 2960 π

118 3001 276 3087 ἐτρέψατο
304 3004 383 3080 τοὺς
410 3000 489 3069 καθ’
508 3003 612 3069 αὑτὸν
634 3001 854 3087 τεταγμένους
880 3004 936 3068 καί
963 3014 1031 3069 τῶν
1053 3017 1142 3071 νεῶν

188 3196 207 3250 3
234 3194 314 3268 ὅλως]
344 3194 417 3265 ὅμως
444 3195 522 3263 libri3
552 3213 620 3251 corr.
646 3197 751 3262 Rhod.;
784 3196 857 3266 ὁμῶς
885 3198 1011 3267 praefert
1035 3197 1141 3267 ’λύσεις

119 3266 205 3329 ούτως
223 3268 335 3322 Reiske.
403 3267 486 3322 8ἐπλ
505 3289 521 3337 γ
541 3288 555 3330 ς
572 3267 604 3322 X.
674 3267 709 3321 12
728 3266 767 3323 δι’
784 3267 917 3334 ἀνδρείας
934 3270 964 3322 F.
1034 3269 1070 3323 14
1092 3278 1142 3340 τῆς

118 3338 254 3407 ἑπτήρους
271 3340 317 3392 vix
336 3354 435 3392 sanum
456 3339 501 3408 (cf.
590 3344 633 3406 60,
649 3342 688 3408 2);
711 3347 759 3408 της
778 3338 923 3413 <έαυτοῶ>
943 3343 993 3394 aut
1012 3340 1142 3413 <ναυαρ-

106 3407 215 3481 lidos>
241 3409 300 3465 έπτ.
324 3410 441 3479 Reiske3
464 3411 483 3464 f.
507 3418 556 3479 της
579 3408 677 3538 wag
724 3410 781 3464 έπτ.
807 3410 851 3478 (ef.
872 3428 894 3465 e.
914 3430 941 3481 g.
960 3411 1025 3466 XIII
1044 3417 1088 3480 46,
1105 3416 1140 3481 3).

96 3480 139 3532 16
150 3481 231 3556 αύτῷ
255 3483 348 3539 αύτοῶ
362 3483 393 3540 F.
452 3483 488 3540 18
507 3479 551 3540 ἐπ’
571 3504 590 3538 α
626 3489 663 3538 ῶν
733 3524 739 3536 .
786 3482 823 3536 23
836 3483 922 3544 εύῶύς
935 3484 966 3538 F.
1016 3483 1052 3538 25
1070 3482 1138 3553 μεθ’

83 3546 198 3608 ἑαυτοῦ
271 3600 277 3611 .
