2460 3848
135 190 198 254 112
493 186 607 243 Diodor.
617 185 681 240 XIX
696 191 738 241 ⁷0.
749 192 791 241 71.

134 331 244 417 ἀληθῆ
268 328 378 416 λέγειν
401 331 419 398 ὁ
442 332 504 415 μέν
527 332 630 417 δῆμος
652 343 720 398 τῶν
739 331 1005 416 Ἀκραγαντίνων
1032 331 1152 418 ἑψηφί-

134 455 213 505 σατο
241 440 301 505 τὸν
328 441 474 522 πόλεμον
500 439 556 505 καί
585 440 737 526 Γελῴους
766 439 827 522 μέν
854 440 909 506 καί
936 443 1153 524 Μεσσηνίους

133 548 181 624 είς
202 547 263 630 την
287 549 475 631 συμμαχίαν
497 545 761 632 προσελάβοντο,
784 547 832 623 είς
854 545 892 612 δὲ
911 547 973 630 την
991 547 1153 612 Λακεδαι-

132 657 254 736 μονίαν
284 664 352 719 τῶν
385 653 547 738 φυγάδων
578 654 671 730 τινάς
703 651 898 736 ἐξέπεμψαν,
930 651 1153 735 ἐντειλάμενοι

55 845 59 856 ,
132 766 313 846 πειρᾶσθαι
337 761 521 846 στρατηγὸν
545 761 639 843 ἀγειν
661 760 721 824 τὸν
745 759 934 841 δυνάμενον
951 760 1154 845 πραγμάτων
1185 782 1198 822 ι

97 866 384 952 εάφηγησασθαι·
408 869 487 944 τοὺς
509 868 573 952 γδιρ
596 869 787 943 πολιτικοὺς
809 865 1008 932 ὑπώπτευον
1031 866 1075 944 ὡς
1098 867 1153 932 όν-

132 997 191 1050 τας
213 975 357 1051 οἰκείους
378 974 594 1059 τυραννίδος,
616 975 696 1050 τοὺς
718 974 751 1038 δ’
768 969 895 1051 ἔξωθεν
917 972 1154 1057 ὑπελάμβανον

134 1081 268 1158 δικαίως
282 1084 482 1165 ποιήσεσθαι
496 1081 557 1164 την
571 1090 639 1145 τῶν
654 1081 742 1146 ὅλων
756 1078 955 1164 ἐπιμέλειαν,
971 1079 1154 1165 ἀναμιμνη-

134 1189 288 1269 σκόμενοι
315 1196 373 1271 τῆς
400 1185 616 1268 Τιμολέοντος
643 1197 704 1253 τοῦ
727 1189 919 1273 Κορινθίου
947 1189 1153 1272 στρατηγίας.

98 1296 166 1361 σοί
193 1293 231 1359 δὲ
257 1293 467 1379 πεμφθέντες
494 1292 539 1370 ὥς
567 1293 648 1359 ποθ’
670 1289 754 1378 ηκον
781 1294 829 1371 είς
856 1295 917 1378 την
944 1297 1153 1379 Λακωνικήν,
1172 1317 1197 1358 ιο

134 1396 235 1486 εὗρον
254 1397 451 1486 Ἀκρότατον
474 1400 534 1464 τὸν
558 1399 771 1482 Κλεομένους
797 1409 857 1466 τοῦ
887 1400 1048 1483 βασιλέως
1072 1403 1205 1468 υίὸνελο

133 1508 384 1594 προσκεκοφότα
411 1511 548 1583 πολλοῖς
574 1517 642 1572 τῶν
669 1506 757 1573 νέων
783 1507 840 1573 καί
867 1507 923 1572 διά
947 1516 1045 1573 τοῦτο
1069 1506 1154 1585 ξενι-

97 1625 200 1682 σκῶν
223 1613 424 1700 πραγμάτων
448 1613 658 1699 ὀρεγόμενον.
703 1615 857 1699 τῶνγὰρ
880 1614 1153 1696 Λακεδαιμονίων

131 1723 212 1804 μετά
242 1721 305 1804 την
336 1722 419 1806 πρὸς
447 1719 667 1806 Ἀντίπατρον
698 1720 807 1805 μάχην
844 1719 1061 1786 ἀπολυόντων
1096 1730 1154 1805 τῆς

133 1828 261 1910 ἀτιμίας
294 1829 373 1904 τοὺς
399 1825 436 1892 ἐκ
462 1836 520 1911 τῆς
544 1828 643 1912 ἥττης
665 1826 892 1904 διασωθέντας
914 1829 1015 1910 μόνος
1038 1826 1153 1912 ἐνέστη
1173 1847 1198 1889 ιι

131 1946 177 2020 τῷ
201 1935 347 2019 δόγματι.
385 1935 501 2020 διόπερ
526 1934 629 1999 αὐτὸν
649 1933 773 2018 συνέβη
796 1934 853 2001 καί
874 1946 942 2000 τῶν
963 1936 1073 1999 ἀλλων
1092 1935 1154 2000 οὐκ

133 2042 258 2125 ὀλίγοις
285 2043 487 2128 προσκόψαι,
515 2041 656 2124 μάλιστα
683 2038 714 2106 δ’
734 2035 785 2118 οἷς
811 2038 854 2124 ἦν
881 2052 949 2107 τῶν
975 2042 1088 2123 νόμων
1113 2043 1154 2106 τά
1181 2075 1183 2078 >

133 2150 308 2234 πρόστιμα·
334 2144 427 2215 οὗτοι
445 2149 509 2233 γάρ
528 2146 777 2234 συστραφέντες
795 2147 922 2232 πληγάς
940 2171 975 2212 τε
994 2146 1154 2234 ἐνεφόρη-

97 2271 196 2322 σσαν
226 2255 314 2343 αὐτῷ
343 2255 399 2322 καί
429 2253 600 2320 διετέλουν
630 2252 914 2338 ἐπιβουλεύοντες.
965 2255 1021 2320 διά
1050 2264 1153 2320 ταῦτα

133 2363 173 2447 δὴ
206 2360 335 2447 ξενικῆς
369 2363 547 2446 ἡγεμονίας
579 2359 755 2443 ἐπιθυμῶν
792 2360 941 2443 ἀσμένως
983 2360 1153 2447 ὑπήκουσε
1172 2383 1198 2422 εο

132 2478 201 2546 τοῖς
229 2467 505 2555 Ἀκραγαντίνοις.
560 2469 622 2552 την
654 2467 685 2532 δ’
712 2467 900 2563 ἀποδημίαν
931 2468 1153 2552 ποιησάμενος

133 2577 213 2639 ἀνευ
237 2586 295 2660 της
316 2585 383 2640 τῶν
407 2572 540 2660 ἐφόρων
562 2575 695 2659 γνώμης
718 2571 851 2660 ἀνήχθη
874 2575 996 2641 ναυσίν
1015 2575 1152 2659 ὀλίγαις,

98 2699 112 2747 τ
133 2681 177 2758 ὡς
195 2682 334 2767 διαίρων
353 2677 403 2745 ἐπ’
418 2677 645 2766 Ἀκράγαντος.
683 2681 879 2767 ἀπενεχθεὶς
897 2678 928 2746 δ’
945 2679 1003 2747 ὑπ’
1021 2681 1152 2764 ἀνέμων

133 2789 180 2865 είς
207 2789 266 2853 τὸν
286 2786 420 2873 Ἀδρίαν
447 2798 568 2874 κατῆρε
595 2788 657 2871 μέν
684 2790 733 2865 είς
759 2790 821 2873 την
848 2799 915 2855 τῶν
935 2788 1152 2855 Ἀπολλωνια-

132 2905 199 2960 τῶν
221 2895 343 2979 χώραν,
370 2896 566 2978 καταλαβὼν
594 2895 632 2961 δὲ
660 2896 721 2979 την
744 2897 843 2962 πόλιν
866 2895 1153 2982 πολιορκουμένην
1171 2917 1196 2960 εε

133 3001 198 3066 ὑπὸ
224 3003 391 3066 Γλαυκίου
414 3011 473 3066 τοῦ
497 3001 664 3085 βασιλέως
681 3013 749 3068 τῶν
769 2999 942 3089 Ἰλλυριῶν
967 2999 1064 3068 ἔλυσε
1091 3004 1153 3087 την

134 3110 339 3193 πολιορκίαν,
367 3110 482 3185 πείσας
510 3110 569 3174 τὸν
592 3108 730 3192 βασιλέα
753 3113 925 3194 συνθήκας
948 3113 1153 3194 ποιήσασθαι

204 3265 239 3320 10
264 3263 351 3320 δποθ’
375 3265 405 3320 F.
483 3265 517 3320 ll
542 3263 592 3321 τὸν
615 3264 788 3336 Κλεομένους
811 3263 875 3321 υίὸν
898 3275 947 3322 τοῦ
943 3265 1151 3408 ἡ,βασιλέωςῙδ

133 3336 167 3390 12
185 3334 392 3407 προσειληφότα
405 3338 566 3399 πολλοδςδ.
622 3337 658 3393 14
675 3337 755 3462 ἰατά]
743 3337 891 3410 ]κατδιΕ’.
928 3359 979 3393 τν
943 3337 1151 3408 ὴάτιμίανδ

125 3423 193 3461 σοιν,
216 3415 293 3462 2111
370 3408 407 3464 16
430 3408 461 3463 ἐν
484 3413 522 3483 τῷ
542 3405 660 3478 δόγματι
752 3409 872 3500 αίτῷδ.
946 3409 981 3464 18
999 3409 1106 3480 πληγάς
1123 3429 1152 3464 τε

106 3472 340 3556 ἐνεφορήθησαν
357 3480 413 3535 RX
431 3484 513 3554 (corr.
535 3481 612 3554 edd.)
631 3479 737 3552 πληγὰς
757 3464 998 3549 ουνέφόρηοανδ.
1055 3480 1091 3536 28
1110 3483 1152 3536 δι-

91 3557 127 3591 α’
113 3539 192 3608 anm
212 3550 299 3608 codd.
316 3555 366 3622 (cf.
384 3556 523 3614 Βί.ωεεΝ
536 3555 585 3614 Gr
600 3574 632 3628 p
643 3558 723 3626 λοδλ·
742 3556 847 3622 διαρων
862 3552 953 3607 XM
