2460 3848
429 217 471 271 01.
483 222 543 283 ιιι,
554 222 582 271 ιι
603 222 655 270 εοι
669 234 694 271 ιι.
706 216 767 272 0111.
1042 221 1107 286 307

90 363 127 427 δὲ
154 373 222 427 τῶν
248 364 450 444 κομιζόντων
473 364 551 438 τοὺς
578 361 614 427 ἐκ
641 372 698 446 της
725 365 831 447 νήσου
858 366 1006 449 καρποὺς
1033 386 1108 429 κατ-

89 473 213 553 ήγαγεν
243 471 290 546 είς
319 470 381 553 τήν
410 469 561 552 πατρίδα.
614 469 812 553 Μενέδημος
844 469 882 534 δέ
913 481 1015 556 τριῶν
1045 470 1143 556 ἀφ-3

88 577 273 660 ηγούμενος
308 580 522 661 τριημιολιῶν
553 577 698 653 πλεύσας
733 587 791 661 τῆς
822 579 948 654 Λυκίας
983 577 1037 643 ἐπὶ
1068 579 1108 642 τὰ

89 682 229 769 Πάταρα
251 683 307 747 καὶ
329 684 524 766 καταλαβὼν
548 683 718 769 ὁρμοῦσαν
741 693 828 749 ναῦν
850 693 910 749 τοῦ
933 685 1108 770 πληρώμα-

58 810 144 866 ιτος
176 788 230 855 ἐπὶ
261 800 322 874 γης
353 791 450 867 όντος
482 788 657 874 ἐνεπύρισε
688 792 725 856 τὸ
758 791 900 875 σκάφος,
932 792 1038 855 πολλὰ
1071 791 1108 856 δέ

89 902 188 961 πλοία
210 907 279 961 τῶν
296 898 497 978 κομιζόντων
514 898 576 981 τήν
595 897 722 983 ἁγορὰν
745 896 800 963 ἐπὶ
821 900 859 964 τὸ
883 898 1108 981 στρατόπεδον

88 1003 262 1089 ὑποχείρια
285 1005 401 1087 λαβὼν
421 1002 647 1082 ἐξαπέστειλεν
668 1007 715 1081 είς
737 1006 798 1088 τήν
817 1003 939 1071 Ῥόδον.
981 997 1048 1070 είλε
1071 1005 1108 1070 δέ
1126 1022 1143 1068 4

88 1110 143 1174 καὶ
174 1113 313 1196 τετρήρη
346 1111 514 1177 πλέουσαν
544 1112 605 1194 μὲν
635 1110 671 1177 ἐκ
700 1114 868 1195 Κιλικίας,
901 1109 1044 1196 έχουσαν
1074 1109 1104 1176 δ’

88 1215 215 1301 ἐσθῆτα
250 1219 427 1301 βασιλικήν
457 1218 513 1283 καί
546 1219 608 1302 τήν
640 1219 745 1301 ἀλλην
777 1216 977 1302 ἀποσκευήν,
1012 1219 1056 1302 ήν
1087 1220 1107 1302 ή

45 1346 70 1384 ω
89 1326 174 1408 γυνή
193 1326 388 1410 Δημητρίου
411 1327 497 1390 Φίλα
515 1323 831 1410 παρασκευασαμένη
856 1327 1109 1408 φιλοτιμότερον

89 1431 284 1496 ἀπεστάλκει
305 1431 432 1515 τάνδρί.
469 1432 609 1514 τὸνμὲν
632 1427 695 1496 οὖν
720 1433 894 1513 ἱματισμὸν
917 1431 1108 1496 ἀπέστειλεν

89 1540 136 1614 είς
149 1538 335 1623 Αἴγυπτον,
354 1539 465 1603 οὐσῶν
483 1548 551 1602 τῶν
567 1542 696 1602 στολῶν
713 1537 888 1623 ἁλουργῶν
905 1538 960 1603 καί
978 1541 1109 1621 βασιλεῖ
1177 1580 1182 1591 ·

89 1655 208 1731 φορεῖν
230 1655 441 1732 πρεπουσῶν,
468 1646 530 1729 τήν
552 1645 590 1709 δέ
617 1653 704 1710 ναῦν
727 1643 930 1728 ἐνεώλκησεν
953 1645 1109 1722 καὶτοὺς

42 1753 216 1829 ιιιναύτας
242 1753 384 1818 ἀπέδοτο
407 1753 485 1829 τούς
507 1747 536 1816 τ’
555 1750 591 1817 ἐκ
613 1761 671 1836 της
693 1756 872 1838 τετρήρους
893 1753 949 1817 καὶ
971 1754 1050 1829 τοῦς
1072 1752 1108 1818 ἐκ

45 1883 70 1922 ιτ
88 1869 156 1923 τῶν
183 1860 294 1924 ἀλλων
316 1861 443 1924 πλοίων
471 1869 539 1924 τῶν
566 1858 724 1924 ἁλόντων.
770 1869 837 1924 τῶν
865 1859 897 1923 δ’
914 1859 1143 1925 ύπολοίπωνό

88 1975 175 2029 νεῶν
202 1977 304 2048 τριῶν
329 1967 489 2049 Ἀμύντας
515 1966 699 2050 ἡγούμενος
727 1963 887 2031 ἔπλευσεν
914 1965 969 2032 ἐπὶ
995 1969 1108 2050 νήσων

88 2070 144 2135 καί
166 2075 302 2148 πολλοῖς
324 2075 454 2149 πλοίοις
475 2073 662 2158 περιτυχὼν
684 2075 855 2155 κομίζουσι
877 2074 917 2138 τὰ
940 2074 1024 2158 πρὸς
1050 2075 1108 2150 τὰς

88 2179 235 2261 μηχανὰς
262 2178 446 2262 ἁρμόζοντα
473 2188 542 2256 τοίς
569 2181 738 2262 πολεμίοις
766 2179 787 2244 ἁ
814 2180 875 2262 μέν
899 2180 1010 2244 αὐτῶν
1032 2202 1108 2245 κατ-

90 2283 219 2368 έδυσεν,
242 2284 263 2349 ἁ
287 2285 324 2350 δέ
346 2289 531 2370 κατήγαγεν
550 2289 597 2363 εἰς
620 2288 681 2371 τήν
699 2289 809 2370 πόλιν,
834 2285 871 2352 ἐν
890 2278 940 2363 οίς
958 2285 1108 2352 ἑάλωσαν

44 2416 70 2455 ιο
89 2391 144 2456 καί
170 2401 315 2476 τεχνῖται
341 2403 408 2457 τῶν
432 2391 614 2477 ἀξιολόγων
637 2394 693 2459 καί
719 2395 803 2480 πρὸς
829 2393 909 2478 βέλη
933 2393 988 2458 καί
1010 2416 1107 2459 κατα-

88 2497 207 2575 πέλτας
229 2497 382 2587 ἐμπειρία
404 2500 620 2586 διαφέροντες
642 2500 768 2567 ένδεκα.

158 2608 256 2671 Μετὰ
286 2607 323 2671 δέ
352 2615 456 2672 ταῦτα
485 2606 658 2691 ἐκκλησίας
689 2609 914 2691 συναχθείσης
946 2609 1141 2691 συνεβού-ιι

90 2714 188 2778 λευόν
206 2736 294 2790 τινες
315 2715 373 2790 τὰς
396 2715 526 2791 είκόνας
548 2716 606 2791 τὰς
625 2710 820 2796 Ἀντιγόνον
843 2713 898 2778 καὶ
912 2717 1107 2800 Δημητρίου

88 2820 308 2904 κατασπάσαι,
341 2821 454 2886 δεινὸν
484 2815 569 2886 είναι
602 2820 753 2904 λέγοντες
785 2818 823 2885 ἐν
854 2820 915 2908 ίσφ
947 2828 1107 2903 τιμᾶσθαι

43 2951 68 2991 ιτ
88 2930 166 3005 τοῦς
192 2933 454 3013 πολιορκοῦντας
481 2937 550 3004 τοῖς
577 2926 775 3013 εὐεργέταις·
804 2923 858 3011 ἐφ’
881 2919 931 3004 οἷς
958 2927 975 2992 ὁ
1004 2928 1106 3012 δῆμος

89 3036 315 3120 ἀγανακτήσας
338 3036 468 3112 τούτοις
490 3035 551 3118 μὲν
570 3035 614 3111 ὡς
637 3033 883 3118 ἁμαρτάνουσιν
902 3032 1107 3118 ἐπετίμησεν,

158 3226 377 3299 3τριημολκίων
396 3229 422 3282 R
444 3231 523 3299 (corr.
544 3234 568 3283 2.
582 3246 618 3282 m.
639 3229 669 3280 in
687 3229 786 3296 marg.)
805 3226 830 3279 X
854 3229 1053 3296 τριημολκειῶν
1075 3227 1105 3282 F.

87 3303 122 3356 τὰ
141 3321 194 3358 om.
209 3302 239 3356 F.
301 3300 385 3355 4καλ
404 3317 457 3354 om.
472 3299 502 3354 F.
566 3299 601 3354 10
619 3295 863 3368 παρεσκευασμένη
881 3298 912 3352 F.
958 3300 1106 3368 φιλοτιμῶ-

87 3394 168 3442 τερον
192 3373 250 3429 RX.
323 3371 359 3426 14
382 3371 513 3440 τριήρους
535 3371 564 3424 F.
642 3370 678 3424 1ss
701 3378 786 3438 τριῶν
812 3386 864 3423 om.
886 3370 920 3436 R,
944 3370 1009 3424 add.
1030 3377 1054 3423 1.
1068 3388 1106 3423 m.

88 3445 122 3499 17
140 3445 187 3516 τὰ]
206 3445 257 3508 τὰς
273 3442 306 3498 X.
379 3442 421 3497 20.
436 3443 471 3496 21
489 3462 518 3497 τε
536 3439 612 3496 νίται
629 3441 689 3496 RX.
728 3449 859 3510 τεηυῖται
880 3449 938 3491 τῶν
963 3437 1126 3497 &mmm-0

88 3513 158 3583 πρὸς
172 3513 241 3586 βέλη
258 3516 307 3570 καὶ
325 3462 576 3587 καταπελταφέὰας
603 3518 690 3587 (τότε.
709 3519 741 3567 2.
756 3514 812 3580 m
834 3517 893 3561 τῶν
918 3498 1064 3570 ἒῦῦὶῦδῆ
1082 3498 1154 3540 W·

79 3583 225 3654 φερόντων
242 3585 347 3643 ένδεκα
365 3589 398 3645 F.
475 3589 515 3646 2ss
535 3590 573 3656 ὡς
594 3588 705 3646 οεοῖ.

964 3661 1026 3720 οῦ*
