2460 3848
115 191 180 256 298
509 187 741 242 Diodonxxszz.

63 334 105 399 88
186 337 376 420 Δημήτριος
406 333 443 402 δὲ
474 335 551 419 περί
581 335 643 418 τήν
675 332 853 418 ἐπισκευήν
882 343 949 399 τῶν
978 344 1134 418 μηχανῶν

114 440 259 505 καὶτῶν
282 443 408 512 πλοίων
430 440 553 526 ἡμέρας
575 439 657 506 ἑπτά
680 442 858 524 γενόμενος
880 441 935 505 καί
962 441 1071 505 πάντα
1094 442 1135 504 τά

113 548 197 630 πρὸς
237 548 298 631 τήν
334 550 531 631 πολιορκίαν
567 548 901 632 παρασκευασάμενος
941 547 1042 612 πάλιν
1079 546 1134 613 έπ-

115 653 252 718 έπλευσε
281 665 327 739 τῷ
358 654 476 736 λιμένι·
506 663 596 719 πᾶσα
625 656 689 740 γάρ
717 651 760 739 ἦν
785 656 806 737 ή
835 655 965 738 σπουδή
993 653 1069 737 περὶ
1096 656 1134 719 τὸ

113 771 273 845 κρατῆσαι
292 760 413 826 τούτου
431 761 563 844 καὶτῆς
584 764 817 844 σιτοπομπείας
840 759 1034 827 ἀποκλεῖσαι
1057 764 1134 838 τοὺς
1168 781 1180 822 ε

79 869 195 932 κκατδι
222 869 284 952 τήν
310 869 418 932 πόλιν.
463 870 642 951 γενόμενος
669 869 701 932 δ’
719 866 812 944 ἐντὸς
839 867 958 950 βέλους
981 877 1050 944 τοίς
1072 867 1134 950 μὲν

114 976 302 1059 πυρφόροις
333 978 469 1051 πολλοίς
501 969 599 1040 ούσιν
631 977 678 1051 είς
709 976 749 1040 τά
781 974 1005 1058 διωρμισμένα
1034 979 1134 1039 πλοῖα

113 1091 181 1145 τῶν
205 1078 341 1146 Ῥοδίων
373 1078 523 1164 ἐνέβαλε,
554 1091 624 1158 τοῖς
656 1081 694 1146 δὲ
726 1084 941 1167 πετροβόλοις
972 1082 1012 1145 τά
1043 1083 1133 1165 τείχη

114 1186 265 1270 διέσεισε,
288 1197 357 1264 τοῖς
380 1184 410 1253 δ’
427 1186 598 1270 ὀξυβελέσι
620 1189 660 1253 τά
684 1191 870 1273 φαινόμενα
888 1198 955 1253 τῶν
974 1187 1134 1270 σωμάτων

79 1314 94 1362 3
113 1296 357 1379 κατετίτρωσκε.
403 1303 564 1380 συνεχοῦς
587 1289 728 1361 οὖνκαὶ
752 1299 1013 1378 καταπληκτικῆς
1039 1317 1134 1379 γενο-
1155 1317 1181 1356 ιο

113 1401 214 1484 μένης
240 1412 297 1485 τῆς
325 1405 513 1485 προσβολῆς
540 1403 574 1467 οί
599 1402 661 1484 μὲν
686 1403 775 1487 παρὰ
801 1411 871 1478 τοῖς
890 1398 1027 1478 Ῥοδίοις
1054 1403 1134 1467 ναύ-

113 1514 229 1592 κληροι
259 1508 538 1592 διαγωνιάσαντες
567 1508 644 1594 περὶ
675 1520 743 1574 τῶν
774 1511 902 1598 πλοίων
931 1508 1134 1591 κατέσβεσαν

113 1619 192 1692 τοὺς
210 1617 417 1701 πυρφόρους,
436 1616 469 1680 οἱ
487 1615 525 1680 δέ
540 1615 719 1701 πρυτάνεις
734 1616 992 1692 κινδυνεύοντος
1009 1615 1135 1680 ἁλῶναι

113 1730 173 1786 τού
198 1721 331 1802 λιμένος
357 1721 586 1805 παρεκάλεσαν
608 1726 686 1799 τοὺς
714 1722 870 1805 ἀρίστους
897 1734 965 1789 τῶν
988 1727 1134 1788 πολιτῶν

113 1829 172 1892 τὸν
204 1828 288 1914 ὑπὲρ
321 1837 378 1911 τῆς
409 1837 523 1911 κοινῆς
555 1832 718 1917 σωτηρίας
749 1829 927 1910 ὑπομείναι
962 1829 1133 1894 κίνδυνον.
1153 1848 1180 1890 ιι

77 1941 246 2001 ιπολλῶν
275 1930 338 2000 ούν
367 1935 552 2020 προθύμως
580 1935 820 2006 ὑπακουόντων
849 1946 938 2021 τρεῖς
967 1945 1049 2012 ναῦς
1075 1938 1134 2015 τὰς

112 2044 287 2127 κρατίστας
327 2040 523 2127 ἐπλήρωσαν
560 2040 738 2108 ἐπιλέκτων
775 2043 919 2129 ἀνδρῶν,
961 2035 1011 2119 οἷς
1050 2064 1134 2128 παρ-

111 2152 269 2233 ήγγειλαν
301 2155 482 2234 πειρᾶσθαι
511 2158 581 2225 τοίς
610 2146 764 2231 ἐμβόλοις
792 2152 935 2233 βυθίσαι
963 2152 1004 2214 τά
1032 2154 1134 2216 πλοία

77 2257 152 2322 οτδ
178 2257 237 2333 τάς
263 2257 411 2341 μηχανάς
437 2258 611 2337 κομίζοντα
638 2267 706 2321 τῶν
729 2259 905 2340 πολεμίων.
945 2251 1045 2324 ,οὗτοι
1071 2257 1133 2339 μὲν

113 2357 185 2446 οὖν,
222 2365 338 2446 καίπερ
375 2367 509 2427 πολλῶν
546 2360 598 2427 ἐπ’
625 2363 746 2440 αύτούς
783 2362 979 2449 φερομένων
1013 2366 1133 2448 βελῶν,
1153 2391 1181 2431 ιο

112 2469 276 2551 ὠσάμενοι
305 2471 342 2534 τὸ
373 2469 434 2550 μὲν
461 2479 594 2552 πρῶτον
621 2471 681 2535 τὸν
709 2470 977 2554 σεσιδηρωμένον
1006 2470 1134 2556 χάρακα

112 2574 305 2660 διέσπασαν,
328 2587 398 2653 τοῖς
418 2576 456 2641 δέ
476 2578 605 2652 πλοίοις
628 2577 753 2652 πολλὰς
775 2575 917 2659 ἐμβολὰς
940 2578 1055 2655 δόντες
1077 2580 1134 2643 καί

111 2683 278 2766 θαλάττης
309 2683 393 2747 αὐτὰ
425 2683 658 2767 πληρώσαντες
689 2683 752 2747 δύο
784 2682 845 2764 μὲν
876 2693 944 2748 τῶν
976 2694 1134 2768 μηχανῶν

94 2788 305 2873 κατέβαλον,
327 2800 384 2873 τῆς
408 2789 446 2854 δὲ
467 2791 578 2876 τρίτης
595 2790 661 2855 ὑπὸ
681 2800 748 2855 τῶν
766 2790 843 2874 περί
861 2791 920 2854 τὸν
938 2794 1134 2876 Δημήτριον

112 2898 159 2973 είς
191 2897 337 2962 τούπίσω
369 2906 439 2973 τοίς
471 2897 615 2981 ῥύμασιν
647 2895 825 2980 ἑλκομένης
860 2898 893 2961 ολ
924 2897 985 2978 μὲν
1014 2895 1134 2964 Ῥόδιοι
1154 2925 1180 2966 ιε

111 3007 341 3087 θαρρήσαντες
386 3013 455 3080 τοῖς
499 3003 775 3088 κατωρθωμένοις
819 3004 1031 3087 θρασύτερον
1072 3013 1132 3070 τοῦ

77 3113 319 3194 εκαθήκοντος
367 3110 572 3196 προέπιπτον
625 3112 672 3188 είς
721 3111 781 3176 τὸν
830 3112 1001 3177 κίνδυνον.
1078 3112 1132 3176 διὸ

181 3266 282 3390 Mn}
299 3268 350 3330 τὰς
367 3269 397 3322 F.
465 3268 483 3321 ὃ
502 3265 700 3337 σιτοπομπείας
717 3268 747 3321 F.
815 3269 830 3322 7
850 3267 1018 3338 διωρισμένα
1037 3268 1131 3335 codd.;

112 3338 231 3403 correxi3
251 3354 266 3390 ο
281 3380 286 3391 .
301 3338 366 3392 XIII
380 3343 423 3405 50,
433 3345 463 3403 ῦς
482 3339 568 3409 Long.
583 3340 609 3393 H
623 3346 666 3392 25.
732 3340 767 3393 12
787 3338 1003 3409 διαχωνίσαντες
1016 3340 1046 3406 F,
1062 3357 1131 3395 corr.

112 3414 136 3462 2.
157 3426 194 3462 m.
267 3409 302 3463 13
327 3409 377 3472 τὰς
403 3412 481 3478 (corr.
501 3411 601 3481 Wess.)
626 3408 790 3478 πυρφόρους
812 3411 862 3471 RX
887 3411 922 3465 τά
944 3409 1078 3479 πυρφόροι
1101 3412 1132 3465 F.

112 3479 146 3533 15
164 3481 314 3548 ὑπομεῖναι
347 3481 493 3548 αἱρεῖσθαι
511 3482 541 3548 Ε,
561 3499 630 3536 corr.
650 3488 674 3535 λ.
689 3499 724 3534 m.
745 3483 775 3535 in
793 3498 881 3552 marg.
955 3483 990 3537 1ss
1008 3484 1132 3538 ύπακου·

14 3586 18 3593 =
108 3549 263 3605 odmva.
314 3481 349 3606 δῙ
364 3554 413 3606 καί
427 3550 476 3607 τὸν
490 3552 520 3608 F.
571 3551 692 3607 Quin&
706 3569 759 3607 om.
770 3554 800 3609 F.
829 3553 882 3608 427
898 3551 1086 3620 προσέπιπτον
1100 3555 1129 3607 F.
