2460 3848
434 180 476 236 01.
488 188 548 248 11ο,
559 189 588 236 1:
607 187 659 236 ωε
674 197 700 235 α.
711 180 773 236 chr.
1070 184 1113 250 85

94 329 305 411 πεμψάμενος
337 327 376 393 δὲ
407 329 619 413 πανταχόθεν
648 330 727 404 τοὺς
757 325 1018 409 διασωζομένους
1047 337 1114 391 τῶν

96 438 254 520 Θηβαίων
284 433 441 519 ἐνεχείρει
470 436 665 512 κατοικίζειν
694 436 751 512 τάς
781 437 907 519 Θήβας,
934 433 1114 516 ὑπολαβὼν

94 543 272 608 κάλλιστον
301 539 389 627 ἔχειν
419 543 537 627 καιρὸν
563 543 662 607 πόλιν
686 541 958 625 διωνομασμένην
980 541 1036 606 καί
1059 540 1114 605 διά

93 651 152 726 τάς
181 647 313 734 πράξεις
340 649 396 714 καὶ
423 649 479 713 διά
501 651 580 726 τοὺς
602 647 893 733 παραδεδομένους
915 648 991 734 περί
1014 649 1115 732 αὐτῆς

63 757 228 839 εμάθους
263 754 445 841 ἀναστῆσαι
480 755 536 820 καί
572 756 628 820 διά
663 756 725 839 τήν
762 755 956 840 εὐεργεσίαν
991 756 1115 839 ταύτην

94 872 208 948 τυχεῖν
232 862 404 928 ἀθανάτου
428 860 533 946 δόξης.
572 862 758 946 συμβέβηκε
782 862 820 928 δὲ
840 863 902 946 τήν
921 864 1020 928 πόλιν
1038 862 1115 927 ταό-
1134 878 1150 927 8

94 993 157 1054 την
179 971 347 1047 πλείσταις
365 971 421 1035 καί
438 971 606 1053 μεγίσταις
624 975 807 1054 κεχρῆσθαι
825 972 1035 1052 μεταβολαῖς,
1054 969 1115 1034 οὐκ

42 1076 247 1160 δόθόλιγάκις
262 1075 447 1142 ἀνάστατον
460 1076 697 1161 γεγενημένην·
720 1075 797 1160 περί
810 1070 858 1141 ὧν
872 1077 934 1141 οὐκ
949 1075 1115 1142 άνοίκειον

96 1182 134 1249 ἐν
156 1185 348 1267 κεφαλαίοις
372 1185 486 1248 εἰπεῖν.
532 1186 612 1266 μετὰ
635 1185 698 1267 γάρ
721 1184 782 1248 τὸν
804 1181 858 1248 ἐπί
881 1187 1151 1262 Δευκαλίωνοςῖ,

51 1319 77 1358 ιο
95 1292 326 1373 κατακλυσμὸν
349 1290 490 1373 Κάδμου
517 1294 691 1367 κτίσαντος
716 1291 779 1373 τήν
807 1286 862 1355 ἀπ’
888 1290 991 1356 αὐτοῦ
1014 1308 1116 1375 προσ-

96 1404 341 1481 αγορευθεῖσαν
364 1397 537 1480 Καδμείαν
565 1402 737 1481 συνῆλθεν
764 1394 816 1462 ἐπ’
843 1396 948 1481 αὐτὴν
975 1399 1054 1473 λαὸς
1075 1397 1116 1462 ὃν

94 1504 184 1581 τινὲς
205 1504 266 1586 μὲν
285 1505 444 1587 Σπαρτὸν
467 1505 742 1588 προσηγόρευσαν
765 1505 880 1570 διὰτὸ
904 1507 1116 1589 πανταχόθεν

96 1617 322 1696 συναχθῆναι,
350 1611 438 1688 τινὲς
465 1610 504 1675 δέ
528 1613 702 1694 Θηβαγενῆ
729 1611 845 1675 διὰτὸ
868 1613 929 1696 τήν
952 1609 1116 1695 άρχήνέιι

95 1728 153 1802 τῆς
182 1717 422 1803 προειρημένης
451 1719 577 1794 πόλεως
606 1717 687 1781 όντα
717 1718 772 1782 διά
799 1719 859 1783 τὸν
885 1719 1116 1801 κατακλυσμὸν

52 1851 77 1892 11
96 1824 247 1891 ἐκπεσεῖν
278 1825 333 1889 καλ
366 1826 596 1908 διασπαρῆναι.
652 1826 732 1900 τοὺς
763 1819 826 1890 οὖν
857 1826 931 1889 τότε
966 1829 1151 1910 κατοικήο

97 1949 219 2009 σαντας
245 1931 387 2016 ὕστερον
408 1933 570 2016 Ἐγχελεῖς
597 1935 922 2015 καταπολεμήσαντες
950 1929 1116 2016 ἐξέβαλον,

97 2040 152 2105 ότε
181 2040 223 2123 δή
254 2038 378 2122 συνέβη
408 2039 464 2103 καί
492 2041 572 2114 τοὺς
601 2038 677 2121 περὶ
700 2037 840 2119 Κάδμον
863 2039 911 2114 είς
934 2035 1118 2122 Ἰλλυριοὺς

96 2143 256 2210 ἐκπεσεῖν.
299 2147 379 2227 μετὰ
403 2145 441 2210 δὲ
463 2148 556 2210 ταῦτ’
580 2147 758 2229 Ἀμφίονος
779 2145 835 2209 καί
859 2148 976 2228 Ζήθου
999 2168 1118 2229 κρατη-

97 2252 229 2318 σάντων
257 2262 317 2318 τοῦ
347 2255 452 2318 τόπου
482 2252 537 2317 καί
566 2254 640 2317 τότε
663 2263 796 2338 πρῶτον
818 2252 856 2316 τὸ
880 2253 963 2316 άστυ
986 2252 1118 2317 κτισάν-

51 2386 79 2426 11
96 2383 174 2442 των,
197 2359 350 2444 καθάπερ
372 2360 427 2425 καὶ
450 2359 468 2424 δ
491 2362 628 2443 ποιητής
651 2376 756 2445 φησιν

187 2467 245 2531 «οδ
266 2477 392 2551 πρῶτοι
417 2469 528 2551 Θήβης
551 2465 626 2543 ἕδος
649 2463 782 2531 ἔκτισαν
805 2465 1027 2532 ἑπταπύλοιο»

96 2575 134 2638 τὸ
159 2574 317 2658 δεύτερον
341 2574 373 2638 οἱ
395 2577 648 2657 κατοικήσαντες
670 2574 730 2638 τὸν
746 2575 852 2639 τόπον
870 2572 1025 2651 ἐξέπεσον
1042 2597 1117 2640 κατ-

97 2682 259 2756 ελθόντος
281 2681 490 2765 Πολυδώρου
518 2689 578 2745 τοῦ
601 2679 742 2762 Κάδμου
767 2681 822 2746 καί
845 2686 1118 2767 καταφρονήσαν-

96 2811 153 2864 τος
182 2798 249 2852 των
279 2787 480 2872 πραγμάτων
510 2788 566 2852 διά
594 2789 656 2871 τήν
686 2788 869 2872 γενομένην
894 2798 939 2876 τῷ
965 2789 1118 2873 Ἀμφίονι

52 2919 78 2960 τε
97 2895 173 2977 περὶ
196 2895 237 2958 τά
259 2893 358 2958 τέκνα
381 2894 567 2979 συμφοράν.
605 2892 678 2977 ἑξῆς
702 2894 739 2959 δὲ
761 2905 829 2959 τῶν
848 2893 1025 2978 ἀπογόνων
1043 2896 1152 2961 τού-6

96 3024 157 3066 του
188 3003 436 3083 βασιλευόντων
465 3002 520 3066 καί
549 3011 607 3085 τῆς
637 3001 715 3085 ὅλης
741 3002 850 3086 χώρας
871 3003 935 3086 ήδη
959 3005 1118 3080 Βοιωτίας

169 3193 188 3249 4
211 3196 276 3261 περὶ
301 3195 397 3266 αὐτῆς]
427 3192 466 3249 δι’
490 3194 578 3264 αὐτὴν
601 3195 631 3249 F.
703 3195 721 3249 5
747 3196 904 3265 άνακτῆσαι
926 3197 956 3251 F.
1029 3196 1047 3251 9
1071 3197 1118 3252 ἐπὶ

98 3282 151 3320 om.
171 3264 235 3329 RX3
255 3269 285 3320 at
305 3265 339 3320 cf.
358 3266 372 3318 I
392 3271 432 3331 10,
447 3274 477 3333 43
496 3265 560 3320 XIV
576 3272 667 3331 113‚2
689 3267 809 3336 saepius.
882 3268 917 3322 11
936 3265 981 3322 ἐπ’
998 3270 1069 3340 αὐτῆ
1087 3269 1117 3321 F.

98 3337 133 3391 12
178 3336 286 3406 lerique
312 3337 406 3392 aliter:
433 3338 469 3393 ef.
494 3337 606 3392 Orusius
629 3339 660 3392 in
682 3339 782 3393 Βοεολι.
802 3339 832 3392 L.
847 3338 884 3392 M.
904 3357 925 3392 ε.
939 3357 966 3391 v.
988 3340 1130 3390 Ram.

98 3407 135 3463 14
152 3355 236 3471 όήτας
253 3408 365 3464 Reiske.
433 3408 470 3463 16
483 3406 623 3480 Ἐγχελέες
640 3409 673 3464 F.
739 3410 780 3466 δὲ
798 3409 960 3465 Ἰέιθουῖ.
1019 3406 1064 3455 Ἢ
1082 3401 1153 3451 '0³¹'ss

98 3488 210 3547 πρῶτον
234 3476 266 3534 τδ
291 3478 372 3552 άστν]
397 3488 510 3549 πρῶτον
529 3478 561 3540 τό
581 3503 611 3540 τε
632 3481 704 3540 διστυ
722 3483 760 3538 Y.
838 3481 883 3535 Ἃ
902 3479 944 3531 οἳ.
960 3469 1089 3527 QUQ
1100 3467 1178 3512 “ffi-

93 3550 130 3603 24
147 3558 202 3603 τῶν
218 3550 404 3626 πραγμάτων]
424 3571 463 3612 an
481 3565 542 3614 τῶν
561 3557 822 3630 προσταξάντωνῖ
839 3551 949 3606 W&-
