2460 3848
445 189 487 245 01.
499 195 559 257 ιιι,
570 195 599 245 3:
619 194 671 246 310
686 206 711 245 a.
723 189 785 244 Chr.
1061 195 1124 260 193

103 359 171 401 των
204 335 242 400 δὲ
273 337 432 418 λαβόντες
464 332 599 401 ἔννοιαν
629 335 685 402 καί
716 337 794 413 τοὺς
828 338 1007 418 πολεμίους
1043 338 1126 422 πρὸς

103 452 174 520 τοῖς
205 444 348 526 τείχεσιν
378 441 521 528 δρῶντες
553 442 876 528 στρατοπεδεύοντας
908 441 1125 528 ἐδεισιδαιμό-

103 574 189 616 νουν
210 549 255 626 ὡς
277 550 533 626 καταλελυκότες
555 550 612 627 τάς
635 551 795 635 πατρίους
818 560 886 614 τῶν
907 556 1000 617 θεῶν
1023 550 1125 632 τιμάς.

49 657 365 743 ειοδιορθώσασθαι
392 655 430 721 δὲ
456 657 515 732 τάς
544 655 682 739 ἀγνοίας
711 656 912 734 σπεύδοντες
935 656 1126 735 διακοσίους

72 763 165 848 ιμέν
187 773 255 829 τῶν
278 761 549 849 ἐπιφανεστάτων
572 763 703 828 παίδων
729 765 969 849 προκρίναντες
996 760 1125 829 ἔθυσαν

104 872 259 957 δημοσία·
283 871 378 936 άλλοι
401 869 432 933 δ’
445 868 482 935 ἐν
506 870 677 952 διαβολαῖς
696 871 789 949 όντες
807 869 967 948 ἑκουσίως
985 869 1125 949 ἑαυτοὺς

104 975 236 1061 ἔδοσαν,
263 977 326 1042 οὐκ
353 975 508 1054 ἐλάττους
535 977 630 1054 όντες
655 980 863 1063 τριακοσίων.
908 974 951 1062 ην
978 977 1016 1043 δέ
1043 975 1121 1063 παρ’
1144 998 1159 1047 ο

103 1085 217 1162 αὐτοῖς
240 1083 378 1170 ἀνδριάς
396 1086 534 1170 Κρόνου
557 1089 714 1169 χαλκοῦς,
737 1083 914 1163 ἐκτετακὼς
934 1086 992 1162 τάς
1014 1094 1126 1171 χελρας

102 1190 223 1269 ὑπτίας
245 1189 476 1275 ἐγκεκλιμένας
497 1189 552 1257 ἐπί
572 1193 634 1276 τὴν
652 1201 726 1275 γῆν,
749 1192 833 1257 ὥστε
851 1193 911 1256 τὸν
929 1189 1125 1257 ἐπιτεθέντα

58 1319 85 1360 ιο
103 1309 172 1364 τῶν
201 1299 332 1364 παίδων
361 1297 605 1364 ἀποκυλίεσθαι
632 1298 689 1363 καί
718 1300 851 1363 πίπτειν
881 1297 928 1374 εἰς
956 1321 990 1362 τι
1016 1298 1125 1383 χάσμα

104 1410 227 1491 πλῆρες
248 1407 363 1491 πυρός.
409 1406 497 1482 εἰκὸς
524 1404 562 1469 δὲ
588 1404 644 1470 καί
666 1404 726 1470 τὸν
749 1405 941 1490 Εὐριπίδην
964 1403 1125 1471 ἐντεῦθεν

104 1511 277 1596 εἰληφέναι
303 1513 344 1577 τά
371 1511 651 1596 μυθολογούμενα
678 1508 755 1598 παρ’
779 1511 867 1600 αὐτῷ
895 1512 971 1597 περὶ
998 1513 1060 1597 τὴν
1087 1510 1125 1577 ἐν

109 1619 250 1704 Ταύροις
279 1621 418 1703 θυσίαν,
446 1617 484 1684 ἐν
512 1609 562 1695 οἰς
589 1618 713 1702 εἰσάγει
742 1620 804 1704 την
830 1615 1029 1705 Ἰφιγένειαν
1057 1618 1124 1684 ὑπὸ

100 1723 254 1812 Ὀρέστου
278 1725 529 1812 διερωτωμένην

59 1851 85 1893 ιι
193 1833 320 1918 «τάφος
343 1833 381 1898 δὲ
403 1842 498 1910 ποίος
522 1830 651 1910 δέξεταί
671 1829 714 1917 μ’,
738 1833 819 1898 ὅταν
841 1831 952 1914 θάνω;

192 1949 260 2026 πῦρ
286 1941 377 2026 ἱερὸν
400 1936 501 2005 ἔνδον
523 1940 631 2025 χάσμα
654 1939 683 2004 τ’
700 1940 854 2025 εὐρωπὸν
876 1942 1028 2025 χθονός.»

102 2047 158 2112 καί
186 2046 203 2112 δ
231 2048 321 2133 παρά
347 2056 417 2124 τοῖς
433 2043 571 2131 Ἕλλησι
598 2047 636 2113 δέ
658 2054 768 2131 μῦθος
791 2045 827 2112 ἐκ
851 2052 991 2124 παλαιᾶς
1014 2051 1125 2131 φήμης
1144 2064 1159 2113 7

103 2152 371 2240 παραδεδομένος
393 2154 444 2220 ότι
463 2157 596 2240 Κρόνος
613 2154 752 2240 ἠφάνιζε
770 2156 848 2230 τοὺς
869 2153 975 2230 ἰδίους
993 2153 1124 2238 παῖδας,

103 2262 192 2346 παρά
215 2261 461 2346 Καρχηδονίοις
489 2263 643 2348 φαίνεται
670 2262 726 2328 διὰ
752 2262 874 2327 τούτου
897 2269 958 2326 τοῦ
981 2262 1124 2344 νομίμου

57 2387 85 2427 ιο
102 2366 328 2453 τετηρημένος.

178 2474 227 2539 Οὐ
255 2476 322 2559 μην
349 2475 433 2541 άλλά
460 2475 615 2560 τοιαύτης
641 2474 679 2541 ἐν
700 2484 741 2562 τῇ
765 2475 876 2564 Λιβύη
903 2472 1124 2559 γεγενημένης
1136 2472 1177 2538 15

103 2585 285 2666 μεταβολῆς
327 2583 360 2648 οἰ
401 2582 463 2667 μὲν
504 2582 731 2668 Καρχηδόνιοι
777 2581 996 2665 διεπέμποντο
1042 2583 1124 2667 πρὸς

99 2685 256 2772 Ἀμίλκαν
297 2689 344 2766 εἰς
385 2690 447 2774 την
483 2690 653 2772 Σικελίαν,
695 2687 864 2766 άξιούντες
904 2690 987 2754 κατά
1027 2688 1125 2773 τάχος

174 2846 192 2900 4
211 2847 418 2915 διορθώσαντες
437 2846 468 2901 δὲ
486 2845 536 2908 τὰς
555 2842 672 2917 ἀγνοίας
690 2843 848 2915 νομίζοντες
865 2844 898 2900 Χ.
950 2843 1123 2916 διακοσίους]

102 2918 178 2972 idem
192 2918 257 2973 Eus.
274 2917 318 2987 (cf.
334 2916 369 2972 de
383 2917 460 2971 laud.
476 2916 648 2972 00111x111
663 2919 720 2987 12);
732 2917 809 2972 Ρεεο.
824 2917 899 2972 Fest.
915 2933 960 2986 ap.
975 2917 1053 2970 Lacb.
1069 2916 1123 2969 div.

101 2989 167 3043 inst.
186 2988 199 3042 I
218 2994 251 3042 21
271 2988 372 3059 (ΗΒΕ.
391 3007 418 3057 p.
435 2991 581 3060 376sqq.);
601 2988 690 3043 Wess.
764 2988 782 3042 6
805 2988 889 3044 aliter
908 2989 973 3042 Ilus.
994 2987 1028 3042 de
1047 2986 1124 3040 laud.

103 3059 196 3114 Const.
214 3059 266 3115 1.1.
287 3059 332 3130 (cf.
353 3059 438 3114 Grote
457 3059 488 3114 G.
505 3059 550 3114 Gr.
565 3059 605 3114 VI
622 3077 649 3129 p.
666 3065 718 3114 '154
732 3075 757 3114 ε.
772 3066 821 3126 λος
842 3059 958 3115 ΜεΙίιευ
976 3059 989 3112 Ι
1008 3076 1036 3127 p.
1052 3059 1124 3125 526),

101 3130 152 3185 ubi
170 3130 319 3186 ἐπιδοῦναι
336 3135 370 3203 τῇ
388 3129 490 3206 θυσίης
507 3131 527 3186 f.
542 3130 704 3186 addendum
721 3131 783 3204 (εἰς
796 3131 847 3201 τὴν
860 3128 967 3186 θυσίαν
1004 3130 1049 3198 (cf.
1064 3128 1123 3183 Pol.

101 3201 167 3256 VIII
186 3207 229 3270 18,
245 3205 298 3272 11).
363 3203 499 3274 7τριακ.]
518 3202 594 3257 idem
612 3203 677 3258 Eue.
697 3206 817 3272 utroque
834 3202 905 3257 loco,
1003 3200 1125 3270 ἐγκεκλι-

102 3270 188 3342 μένας
211 3273 257 3328 ἐπὶ
279 3271 330 3344 τὴν
353 3274 416 3346 γῆν]
441 3272 623 3343 ἐκτεταμένας
641 3273 688 3327 ἐπὶ
705 3282 754 3344 τῆς
772 3282 822 3345 γῆς
840 3274 904 3327 Eue.
957 3268 1125 3326 συντιθέντα

101 3345 168 3400 Eun.
240 3345 275 3401 10
296 3345 513 3400 ἀποκωλύεσθαι
530 3345 595 3401 Ειιε.
668 3345 704 3399 12
725 3344 794 3413 παρ’
816 3346 913 3406 αἰντοῑς
936 3343 1029 3410 codd.;
1054 3359 1123 3398 corr.

101 3415 192 3472 Rhod.
262 3416 355 3472 1616
373 3417 408 3472 cf.
428 3417 493 3472 Eur.
512 3416 572 3485 Iph.
593 3416 675 3472 Taur.
696 3422 756 3471 613.
772 3423 796 3471 4.
865 3415 901 3469 16
919 3413 1003 3470 ἔνδον
1022 3415 1137 3474 σιω»,

100 3479 1158 3638 ωωἯββῇἅψε

286 3603 292 3615 ·
447 3583 461 3626 ς
537 3583 593 3637 νην
639 3606 646 3621 .
913 3598 920 3609 ·
963 3596 971 3607 ·

141 3664 267 3707 Diodotus.
284 3667 309 3709 V.
988 3659 1032 3704 136
