2460 3848
452 201 494 256 01.
506 206 566 268 ιιι,
577 207 605 257 1:
626 207 678 255 εον
692 218 716 255 a.
729 200 791 255 σοι.
1064 204 1129 269 305

112 370 315 430 κριοφορους
341 346 397 411 καὶ
424 349 523 423 στοάς
554 348 599 411 δι’
623 341 671 412 ὧν
702 343 840 428 ἔμελλον
865 347 898 411 οί
924 356 994 424 τοῖς
1022 343 1131 432 έργοις

113 455 307 538 προσιόντες
328 452 525 543 ἐλεύσεσθαι
545 454 601 519 καὶ
617 453 719 519 πάλιν
737 451 947 538 ἐπιστρέψειν
965 451 1130 538 ἀσφαλῶς.

112 569 182 636 τοῖς
204 556 235 625 δ’
251 557 287 625 έκ
309 570 377 627 τῶν
395 569 481 625 νεῶν
500 561 716 645 πληρώμασιν
734 559 922 645 ἀνεκάθαρε
944 561 1003 626 τὸν
1026 562 1130 625 τόπον

112 664 167 730 ἐπί
194 667 349 744 σταδίους
376 666 545 752 τέτταρας,
573 667 619 730 δι’
636 660 684 731 ὧν
708 663 843 749 έμελλεν
872 664 1051 751 προσάξειν
1073 668 1131 744 τὰς
1158 713 1161 719 ·

82 775 435 850 ικατασκευασθείσας
466 771 628 857 μηχανάς,
660 773 743 838 ὥστε
775 774 931 857 γίνεσθαι
962 774 1000 838 τὸ
1030 770 1130 858 ἔργον

112 877 167 944 ἐπὶ
195 890 297 963 μῇκος
325 882 559 966 μεσοπυργίων
585 878 619 957 ἐξ
647 880 703 945 καί
729 881 867 965 πύργων
894 879 983 946 ἑπτά.
1028 881 1066 945 τὸ
1095 877 1125 945 δ’

111 985 337 1071 ἠθροισμένον
355 992 486 1071 πλῇθος
497 995 575 1053 τῶν
593 998 751 1072 τεχνιτῶν
769 988 824 1053 καὶ
846 998 914 1052 τῶν
931 997 1002 1065 τοίς
1020 984 1130 1073 ἔργοις

111 1095 320 1176 προσιόντων
338 1093 379 1159 ού
397 1096 484 1159 πολὺ
507 1091 654 1159 ἐλείπετο
677 1103 745 1159 τῶν
763 1096 975 1178 τρισμυρίων.
1013 1095 1129 1180 διόπερ
1139 1094 1182 1159 92

110 1209 151 1284 τῇ
183 1203 379 1288 πολυχειρίᾳ
409 1201 524 1286 τάχιον
555 1210 613 1284 τῇς
644 1202 846 1287 προσδοκίας
875 1200 1031 1267 ἁπάντων
1060 1198 1129 1267 ἐπι-

67 1328 93 1367 10
111 1305 319 1388 τελουμένων
351 1309 495 1393 φοβερὸς
530 1304 574 1391 ην
610 1307 628 1372 ὁ
660 1311 850 1393 Δημήτριος
886 1317 955 1384 τοῖς
984 1305 1128 1384 Ῥοδίοις.

112 1412 151 1476 ού
175 1414 280 1494 μόνον
298 1415 362 1498 γάρ
386 1416 426 1478 τά
448 1413 573 1498 μεγέθη
598 1423 664 1479 τῶν
682 1423 840 1498 μηχανῶν
860 1413 916 1479 καί
937 1414 975 1478 τὸ
999 1419 1129 1499 πλῇθος

110 1529 168 1603 τῇς
196 1520 421 1606 ἠθροισμένης
450 1521 622 1601 δυνάμεως
652 1519 845 1605 ἐξέπληττεν
877 1519 1013 1605 αὐτούς,
1045 1520 1129 1590 ἀλλά

110 1627 165 1690 καί
194 1628 231 1691 τὸ
261 1636 321 1693 τοῦ
351 1626 511 1710 βασιλέως
540 1630 652 1710 βίαιον
682 1628 737 1693 καί
767 1629 964 1711 φιλότεχνον
993 1625 1032 1691 ἐν
1058 1637 1129 1706 ταῖς

110 1735 327 1818 πολιορκίαις.
374 1734 558 1818 εὐμήχανος
589 1735 652 1819 γάρ
685 1735 733 1799 ὢν
764 1735 844 1800 καθ’
869 1733 1060 1819 ὑπερβολὴν
1091 1733 1161 1800 ἐνε

67 1861 92 1900 ιι
110 1849 181 1916 ταῖς
204 1838 365 1917 ἐπινοίαις
392 1841 448 1906 καὶ
474 1842 581 1907 πολλά
603 1842 692 1925 παρά
715 1842 776 1925 την
799 1851 866 1906 τῶν
889 1839 1128 1925 ἀρχιτεκτόνων

110 1945 229 2031 τέχνην
252 1949 484 2033 παρευρίσκων
510 1947 691 2031 ὠνομάσθη
718 1947 780 2030 μὲν
807 1951 1039 2032 πολιορκητής,
1067 1950 1128 2033 την

49 2116 56 2129 ,
111 2054 142 2117 δ’
168 2052 206 2118 ἐν
237 2064 309 2131 ταῖς
340 2058 543 2140 προσβολαῖς
575 2054 742 2139 ύπεροχην
773 2053 829 2118 καὶ
861 2055 940 2135 βίαν
970 2054 1128 2138 τοιαύτην

111 2154 198 2244 εἶχεν
226 2161 308 2226 ὥστε
337 2160 429 2238 δόξαι
456 2160 560 2245 μηδὲν
588 2161 692 2237 οὕτως
719 2160 844 2245 ὀχυρὸν
866 2153 953 2225 εἶναι
979 2169 1086 2245 τεῖχος
1108 2160 1127 2226 δ

111 2267 240 2332 δύναιτ’
255 2266 297 2332 ἀν
315 2270 376 2353 την
395 2266 452 2332 ἀπ’
467 2266 597 2333 ἐκείνου
618 2277 687 2344 τοῖς
710 2266 1004 2354 πολιορκουμένοις
1021 2267 1127 2352 ἀσφά-

66 2395 91 2432 εο
111 2378 203 2437 λειαν
232 2374 444 2460 παρέχεσθαι.
493 2371 536 2458 ἦν
568 2374 605 2439 δέ
633 2374 688 2440 καὶ
717 2375 800 2439 κατὰ
828 2374 865 2439 τὸ
896 2372 1038 2455 μέγεθος
1066 2383 1161 2440 τοῦ3

110 2480 258 2560 σώματος
299 2482 354 2546 καί
393 2484 475 2549 κατά
515 2483 553 2547 τὸ
594 2482 714 2570 κάλλος
748 2480 893 2564 ἡρωικὸν
929 2480 1127 2566 ἀποφαίνων

110 2582 244 2670 ἀξίωμα,
268 2588 351 2652 ὥστε
374 2589 429 2653 καί
449 2591 528 2664 τούς
548 2586 816 2671 ἀφικνουμένους
833 2596 900 2652 τῶν
920 2585 1023 2664 ξένων
1041 2596 1127 2656 θεω-

111 2700 252 2776 ροῦντας
284 2694 483 2780 εὐπρέπειαν
514 2693 761 2778 κεκοσμημένην
793 2694 939 2779 ὑπεροχῇ
973 2698 1125 2781 βασιλικῇ

57 2799 296 2881 473θαυμάζειν
322 2800 378 2864 καὶ
405 2806 675 2886 παρακολουθεῖν
703 2800 740 2865 ἐν
766 2810 838 2877 ταῖς
861 2799 986 2878 ἐξόδοις
1015 2801 1127 2868 ἕνεκεν

65 2926 90 2966 ει
108 2915 165 2988 τῇς
192 2905 288 2982 θέας.
329 2904 383 2971 ἐπὶ
411 2907 447 2972 δέ
475 2908 604 2985 τούτοις
631 2907 758 2993 ύπῇρχε
785 2907 840 2972 καὶ
868 2916 907 2992 τῇ
934 2917 1025 2993 ψυχῇ
1041 2925 1160 2997 μετ-4

109 3013 211 3099 έωρος
232 3013 287 3078 καὶ
310 3016 559 3099 μεγαλοπρεπὴς
581 3015 636 3079 καί
658 3024 879 3098 καταφρονῶν
898 3014 938 3078 ού
961 3024 1028 3079 τῶν
1046 3021 1125 3084 πολ-

109 3126 177 3185 λῶν
200 3122 315 3202 μόνον,
343 3119 426 3185 ἀλλά
453 3122 509 3185 καὶ
531 3131 598 3185 τῶν
621 3119 658 3185 ἐν
681 3130 752 3197 ταῖς
775 3121 985 3198 δυναστείαις
1007 3121 1125 3205 όντων,

180 3280 195 3332 1
216 3277 298 3340 στοὰς
315 3295 339 3331 v.
356 3284 371 3330 2
391 3280 457 3331 ante
475 3279 523 3332 καί
542 3279 623 3346 ponit
640 3276 673 3331 X.
728 3278 745 3332 2
764 3275 938 3346 ἐπιστρέφειν
954 3278 984 3332 F.
1039 3279 1125 3333 δάν-

108 3348 245 3417 εκάθαιρε
270 3348 319 3402 RX
348 3348 508 3418 ἀνεκάθηρε
533 3349 568 3414 Ρς
597 3349 758 3417 ἀνεκάθαρε
787 3367 837 3404 scr.
867 3350 912 3412 (cf.
939 3349 1124 3404 Meisterhans

108 3439 136 3488 p.
151 3426 215 3486 1463
235 3419 447 3474 Winer-Schm.
470 3439 497 3489 p.
514 3422 584 3489 110).
661 3420 679 3475 4
701 3420 811 3490 ἔμελλον
830 3419 891 3474 RK.
939 3421 1077 3483 προάξω
1094 3422 1139 3466 ἳ-

108 3491 125 3543 9
153 3489 373 3561 ἐπιμελουμένων
399 3491 429 3546 F.
512 3491 548 3548 18
577 3491 669 3565 μηθέν
694 3491 734 3547 X.
813 3491 855 3545 Ϋδ
882 3490 954 3552 τους
980 3489 1159 3554 ΜἏΜΜ·

97 3559 202 3628 alvom
216 3563 248 3614 F.
323 3565 360 3620 20
378 3566 429 3621 καλ
448 3583 505 3623 om.
519 3565 556 3623 X.

141 3667 269 3711 Diodotus.
288 3673 315 3714 V.
991 3654 1037 3703 ‘m
