2460 3848
115 172 181 238 266
227 219 232 229 .
484 166 768 223 Diodor.xx62.63.
837 131 845 157 ¹

116 315 191 382 ἀντί
226 324 284 399 τής
320 323 388 380 τάν
423 312 618 398 ἐπιτηδείων
655 313 805 390 σπάνεως
840 313 962 398 ταχέως
1000 313 1136 383 πάντων

80 418 213 507 εέσχον
250 422 434 501 δαψίλειαν.
489 420 507 485 6
544 419 784 504 66-›6121160623
819 421 1053 506 μετεωρισθείς
1089 433 1135 507 τῷ

114 531 267 612 γεγονότι
294 531 516 614 προτερήματι
542 529 712 611 Λεπτίνην
744 525 949 605 ἐξαπέστειλε
980 533 1136 614 λεηλατή-

115 651 217 701 σοντα
247 636 309 720 τήν
337 636 500 716 πολεμίαν
526 633 582 698 καί
611 633 751 723 μάλιστα
780 634 842 718 τήν
867 635 1134 720 Ἀκραγαντίνην.

115 741 133 807 6
156 744 220 827 γάρ
244 741 428 819 Ξενόδοκος
451 741 507 806 διά
529 741 591 824 τήν
613 740 838 825 γεγενημένην
860 737 963 824 ήτταν
985 744 1136 827 βλασφη-
1169 763 1182 803 ε

113 848 287 931 μοάμενος·
305 847 371 913 ὑπὸ
399 857 467 913 τῶν
492 846 834 929 ἀντιπολιτευομένων
856 845 1025 927 ἐστασίαζε
1052 849 1136 933 πρὸς

79 954 244 1031 εαύτοάς.
295 957 494 1040 παρήγγειλε
520 953 583 1036 μὲν
610 948 674 1019 οὖν
700 965 746 1041 τῷ
775 956 923 1045 Λεπτίνη
954 962 1136 1041 πειρᾶσθαι

114 1045 385 1146 προκαλέσασθαι
403 1061 463 1126 τὸν
481 1061 589 1147 ἀνδρα
607 1061 690 1146 πρὸς
707 1061 769 1145 τήν
787 1062 908 1146 μάχην·
930 1063 1053 1149 ῥᾳδίως
1071 1065 1135 1149 γάρ

113 1171 331 1253 προτερήσειν
358 1167 402 1245 ὡς
430 1168 667 1253 στασιαζούσης
694 1167 866 1250 δυνάμεως
893 1170 949 1234 καλ
974 1191 1135 1256 προηττη-

78 1274 221 1360 4μένης.
275 1275 356 1359 ὅπερ
386 1274 442 1340 καί
471 1274 707 1359 συνετελέσθη·
739 1274 757 1339 6
786 1275 848 1358 μὲν
877 1278 941 1362 γάρ
969 1279 1135 1361 Λεπτίνης
1154 1298 1180 1340 ω

113 1382 267 1466 ἐμβαλὼν
295 1384 341 1459 είς
369 1382 431 1465 τήν
456 1382 716 1466 Ἀκραγαντίνην
742 1383 805 1467 τήν
831 1383 944 1469 χώραν
971 1380 1083 1472 ἐδήου,
1116 1383 1134 1448 6

114 1490 151 1555 δὲ
175 1489 361 1565 Ξενόδοκος
381 1490 419 1553 τὸ
442 1487 504 1570 μὲν
526 1497 659 1571 πρῶτον
681 1488 825 1574 ἡσυχίαν
848 1483 946 1575 εἶχεν,
977 1490 1017 1554 οὐ
1041 1491 1134 1571 νομί-

114 1599 178 1675 ζων
200 1595 305 1662 αὑτὸν
327 1593 506 1679 ἀξιόμαχον
529 1588 630 1678 εἶναι,
654 1594 894 1678 ὀνειδιζόμενος
918 1594 956 1661 δέ
978 1595 1043 1660 ὑπὸ
1067 1605 1134 1660 τῶν

113 1709 258 1769 πολιτῶν
285 1703 333 1779 είς
360 1702 489 1766 δειλίαν
515 1705 684 1787 προήγαγε
711 1703 773 1787 τήν
800 1702 967 1788 στρατιάν,
997 1711 1043 1788 τῷ
1073 1701 1135 1784 μὲν

113 1810 246 1898 ἀριθμῷ
276 1809 384 1894 βραχὺ
413 1808 610 1894 λειπομένην
633 1819 701 1875 τῶν
723 1807 895 1892 ἐναντίων,
922 1818 962 1894 τή
986 1807 1017 1872 δ’
1035 1808 1134 1894 ἀρετή
1154 1829 1180 1869 ιε

112 1920 212 2005 πολὺ7
227 1915 487 2000 καταδεεστέραν
515 1910 632 1999 οὖσαν,
661 1917 705 1994 ὡς
732 1915 774 1981 ἀν
797 1925 855 2000 τής
881 1915 943 1998 μὲν
966 1921 1136 2001 πολιτικῆς

113 2022 151 2089 ἐν
189 2023 300 2089 ἀνέσει
336 2023 392 2088 καί
429 2026 630 2111 σκιατραφίᾳ
665 2022 900 2108 γεγενημένης,
940 2033 999 2108 τής
1035 2019 1065 2087 δ’
1097 2020 1136 2088 ἐν

78 2151 94 2198 5
113 2130 278 2218 ἀγραυλίᾳ
300 2131 356 2197 καί
378 2129 532 2214 συνεχέσι
555 2133 740 2214 στρατείαις
762 2128 1042 2215 γεγυμνασμένης.
1082 2130 1134 2194 διὸ

112 2237 168 2302 καί
190 2237 294 2323 μάχης
316 2236 496 2321 γενομένης
520 2239 552 2302 ολ
575 2237 652 2321 περί
674 2238 735 2303 τὸν
757 2237 928 2321 Λεπτίνην
951 2239 1033 2321 ταχὺ
1056 2238 1135 2312 τοὺς

109 2340 388 2428 Ἀκραγαντίνους
409 2344 610 2430 τρεψάμενοι
633 2342 840 2422 συνεδίωξαν
863 2344 911 2420 είς
937 2345 999 2428 τήν
1022 2344 1134 2424 πόλινέ
1153 2364 1180 2403 ιο

113 2447 234 2515 ἔπεσον
261 2452 293 2515 δ’
315 2449 370 2516 ἐπί
397 2460 454 2534 τῆς
480 2449 690 2535 παρατάξεως
712 2461 780 2516 τῶν
802 2450 1017 2535 ήττηθέντων
1039 2450 1188 2528 πεζοίαοε

112 2556 178 2638 μέν,
193 2557 277 2643 ’περί
304 2560 557 2641 πεντακοσίους,
587 2559 695 2635 ίππεῖς
722 2558 760 2623 δέ
787 2559 889 2623 πλείω
919 2567 987 2623 τῶν
1016 2561 1134 2641 πεντή-

112 2686 222 2729 κοντα.
275 2658 341 2730 εάθ’
366 2665 399 2731 οῖ
429 2664 492 2747 μὲν
517 2661 769 2750 Ἀκραγαντῖνοι
799 2665 1051 2750 δυσφοροῦντες
1080 2662 1135 2729 ἐπί

112 2781 182 2848 τοῖς
208 2769 433 2853 ἐλαττώμασιν
457 2770 495 2837 ἐν
518 2773 638 2849 αἰτίαις
666 2766 757 2856 είχον
779 2771 840 2837 τὸν
863 2770 1062 2854 Ξενόδοκον,
1090 2770 1135 2847 ὡς

112 2875 157 2943 δι’
175 2876 305 2943 ἐκεῖνον
323 2879 376 2964 δίς
397 2877 586 2963 ήττημένοι·
610 2877 628 2942 6
652 2877 690 2942 δὲ
713 2878 880 2963 φοβηθείς
901 2880 960 2956 τάς
978 2876 1134 2963 ἐπιφερο-
1153 2898 1180 2938 ιε

112 2985 212 3068 μένας
235 2985 384 3061 εὐθύνας
406 2986 461 3051 καί
483 2988 609 3070 κρίσεις
631 2984 845 3071 ἀπεχώρησεν
868 2986 915 3062 είς
937 2986 999 3069 τήν
1018 2984 1133 3050 Γέλαν.

184 3179 208 3232 1.
223 3178 241 3232 2
259 3177 341 3249 ἐσχον
354 3177 469 3233 πάντων
485 3181 510 3233 δ.
525 3178 555 3233 F.
613 3177 831 3247 λπαρήγγειλεν
846 3174 897 3233 οάν
911 3177 941 3233 F.
978 3180 1135 3245 πειρᾶσθαι

112 3249 161 3303 καῖ
193 3253 416 3317 προσκαλεῖσθαι
446 3249 477 3303 1⁴¹.
567 3249 585 3304 8
616 3247 687 3318 πρὸς
718 3249 810 3320 μάχην
846 3249 934 3304 ΗεελΙ.
963 3249 1002 3302 ΙΠ
1033 3267 1061 3323 p.
1091 3253 1133 3302 37.

113 3320 147 3375 11
165 3319 385 3391 Ἀκραγαντίνων
404 3320 434 3375 F.
480 3316 566 3390 ἐδῄου
582 3342 599 3375 τ
618 3341 635 3375 ν
652 3342 677 3392 χ.
697 3321 727 3375 F.
796 3320 831 3374 14
850 3316 898 3390 ἦγε
916 3320 947 3389 1⁴¹,
967 3337 1035 3374 corr.
1057 3326 1081 3373 2.
1096 3337 1133 3374 m.

107 3393 140 3444 1¹11
167 3408 257 3460 marg.
331 3392 367 3446 16
394 3387 481 3446 οάσαν
510 3407 563 3447 om.
586 3392 612 3446 R
641 3435 646 3446 .
701 3392 738 3454 ὡς
765 3389 800 3445 ἀν
829 3409 882 3446 om.
905 3392 936 3458 F,
962 3391 1027 3446 add.
1053 3397 1077 3445 2.
1096 3408 1133 3445 m.

91 3460 136 3512 18
144 3459 277 3530 σννεχέσι
291 3461 396 3528 πίνοις
409 3463 460 3520 καί
475 3472 619 3533 στρατιαῖς
631 3464 662 3520 F.
706 3463 743 3518 22
756 3461 868 3525 πλείους
880 3463 926 3518 vel
937 3465 1034 3517 πλεῖον
1048 3463 1133 3518 Dind.

75 3525 120 3579 94
130 3529 166 3582 ἐν
172 3531 290 3596 αἰτίαις
303 3531 401 3613 εἶχον]
414 3536 553 3596 ἐναντίον
565 3533 644 3612 εἶχον
655 3536 705 3593 καὶ
716 3534 745 3591 ἐν
756 3531 904 3598 «tauta.
935 3531 1091 3593 Ξενοδάμου
1099 3533 1137 3587 K.
