2460 3848
513 182 725 252 Afgumenmm.
1064 183 1127 249 173

108 322 166 382 κθ’.
180 325 319 397 Διάβασις
337 325 378 387 είς
396 324 504 395 Λιβύην
521 321 722 395 Ἀγαθοκλέους
739 321 771 379 τὸ
791 324 920 392 δεύτερον
939 324 989 378 καί
1006 318 1083 390 ἧττα.

108 412 139 470 λ’.
179 416 217 470 Al
235 412 383 487 γενόμεναι
399 414 522 484 ταραχαί
540 412 666 468 κατὰτὰ
684 411 822 481 ἑκατέρων
842 409 1023 480 στρατόπεδα.

109 501 160 559 λα’.
179 501 380 575 Ἀγαθοκλέους
398 499 521 572 δρασμὸς
539 502 580 565 είς
597 499 739 557 Σικελίαν.

109 589 158 664 λύ’.
179 594 217 648 Al
236 591 384 665 γενόμεναι
402 592 509 663 σφαγαί
527 601 582 646 τῶν
602 593 776 647 Σικελιωτῶν
794 589 850 647 ύπδ
868 587 1075 661 Ἀγαθοκλέους.

77 676 158 751 σύγ’.
179 678 319 749 Στρατεία
354 678 512 752 Ἀντιγόνου
552 677 685 754 βασιλέως
724 679 857 751 μεγάλαις
893 680 1044 750 δυνάμεσιν
1081 677 1126 734 ἐπ’

179 769 331 841 Αἴγυπτον.

109 854 158 913 λδ’.
179 856 339 922 Ἀπόστασις
356 857 519 929 Πασιφίλου
538 868 692 930 στρατηγοῦ
712 857 768 915 άπὸ
786 816 994 930 Ἀγαθοκλέους.

109 943 154 1003 λε’.
179 949 225 1011 Ως
242 945 436 1019 Καρχηδόνιοι
454 945 606 1004 συνέθεντο
624 948 675 1018 τὴν
694 949 808 1019 εἰρήνην
827 945 897 1017 πρὸς
914 945 1092 1017 Ἀγαθοκλέα

109 1033 158 1092 λς’.
178 1039 223 1099 Ὡς
237 1034 335 1092 Ρόδον
353 1038 541 1108 πολιορκήσας
554 1036 713 1107 Δημήτριος
729 1039 873 1092 διελύσατο
889 1037 940 1107 τήν
954 1034 1128 1105 πολιορκίαν.

64 1143 90 1182 10
109 1122 154 1190 λζ’.
180 1127 224 1189 Ὡς
238 1124 370 1195 Ῥωμαῖοι
389 1125 534 1196 Σαμνίτας
552 1127 616 1181 δυσί
634 1126 737 1196 μάχαις
755 1124 896 1195 ἐνίκησαν.

108 1211 159 1284 λη’.
179 1216 223 1278 Ὡς
241 1215 400 1285 Δημήτριος
418 1213 474 1271 άπὸ
493 1224 542 1287 τής
556 1213 655 1272 Ῥόδου
673 1217 794 1280 πλεύσας
812 1216 852 1278 εἰς
869 1216 920 1286 τήν
939 1213 1062 1269 Ἐλλάδα
1079 1213 1129 1277 τὰς

78 1341 82 1350 ·
179 1301 308 1367 πλείστας
326 1302 420 1367 πόλεις
437 1301 636 1374 ήλευθέρωσεν.

108 1388 163 1448 λθ’.
176 1394 222 1456 Ὡς
243 1395 413 1464 Ἀγαθοκλῆς
431 1393 607 1463 Λιπαραίους
631 1394 758 1465 χρήματα
783 1390 889 1456 ἀδίκως
911 1393 1129 1464 εἰσπραξάμενος

180 1479 301 1553 ἀπέβαλε
319 1482 370 1544 τὰς
387 1491 458 1545 ναός
476 1482 506 1537 έν
525 1479 571 1545 αλς
589 1478 624 1553 ήν
642 1482 678 1537 τὰ
695 1483 831 1554 χρήματα.

63 1588 89 1627 15
108 1567 144 1640 μ’.
181 1573 226 1634 Ὡς
239 1570 371 1641 Ῥωμαῖοι
389 1568 420 1626 τὸ
439 1571 490 1641 μέν
509 1571 595 1634 ἔθνος
612 1581 668 1627 τῶν
682 1572 793 1628 Αἴκλων
810 1568 1045 1641 κατεπολέμησαν,
1058 1569 1129 1639 πρὸς

179 1660 210 1715 δέ
228 1661 294 1723 τούς
313 1657 457 1729 Σαμνίτας
476 1659 627 1716 συνέθεντο
645 1661 696 1732 τὴν
715 1662 838 1732 εἰρήνην.

107 1745 163 1818 μα’.
180 1749 223 1804 T&
241 1747 407 1820 πραχθέντα
425 1750 581 1823 Κλεωνύμῳ
600 1751 664 1820 περί
682 1752 733 1822 τὴν
748 1749 877 1806 Ἰταλίαν.

107 1833 162 1909 μήδ’.
178 1835 226 1893 Δι’
253 1837 287 1900 ἃς
314 1835 407 1901 αίτίας
432 1837 460 1893 οί
484 1840 549 1907 περί
571 1839 742 1909 Κάσανδρον
767 1840 816 1894 καί
839 1837 1009 1910 Λυσίμαχον,
1033 1840 1073 1895 ἔτι
1097 1840 1127 1895 δὲ

180 1924 319 1982 Σέλευκον
351 1928 400 1982 καί
428 1930 603 1998 Πτολεμαίου
636 1925 840 1998 συνδραμόντες
870 1928 1050 1999 ἐνεστήσαντο
1077 1927 1127 1984 τδν

62 2032 89 2072 εο
178 2014 300 2086 πόλεμον
318 2014 389 2085 πρὸς
406 2016 570 2087 Ἀντίγονον.
1028 2030 1031 2038 ’

107 2101 160 2174 μγ’.
180 2102 320 2173 Στρατεία
346 2105 517 2176 Κασάνδρου
549 2107 599 2176 μέν
632 2107 678 2162 έπί
703 2107 863 2177 Δημήτριον
893 2106 933 2168 είς
962 2104 1127 2174 Θεσσαλίαν,

179 2193 341 2265 Λυσιμάχου
360 2193 387 2250 δ’
405 2196 445 2258 είς
462 2195 513 2266 τήν
531 2194 631 2251 Ἀσίαν.

107 2278 162 2352 μδ’.
180 2280 340 2353 Ἀπόστασις
358 2282 485 2356 Δοκίμου
503 2285 552 2340 καί
572 2283 704 2348 Φοίνικος
720 2294 775 2340 τῶν
795 2293 954 2355 στρατηγῶν
974 2282 1024 2338 ἀπ’
1044 2285 1127 2339 Ἀντι-

178 2370 272 2442 γόνου.

62 2476 89 2516 εσ
108 2457 157 2530 με’.
178 2463 223 2524 Ὡς
246 2459 401 2532 Ἀντίγονος
426 2461 727 2531 ἀντιστρατοπεδεύσας
744 2463 894 2537 Λυσιμάχῳ
919 2465 989 2518 πολύ
1015 2471 1127 2533 προεῖχε

178 2559 240 2612 ταῖς
259 2549 420 2620 δυνάμεσιν.

108 2635 161 2709 με’.
180 2640 225 2702 Ὡς
243 2639 403 2709 Δημήτριον
421 2637 471 2696 τὸν
490 2638 554 2696 υλδν
572 2641 604 2696 ἐκ
622 2649 671 2712 τής
685 2640 818 2704 Ἑλλάδος
836 2639 1036 2714 μετεπέμψατο.

53 2724 162 2797 ίθύμξ.
183 2729 228 2790 Ὡς
246 2731 420 2798 Πτολεμαῖος
437 2728 488 2799 μέν
509 2729 673 2799 έχειρύσατο
691 2731 742 2793 τὰς
759 2728 853 2793 πόλεις
870 2731 920 2795 τὰς
938 2731 968 2802 έν
986 2736 1020 2803 τῇ
1038 2728 1126 2804 Κοίλη

179 2814 285 2892 Συρίᾳ,
305 2815 442 2880 Σέλευκος
460 2815 536 2873 δ’ἐκ
554 2827 610 2873 τῶν
629 2818 687 2874 άνω
707 2829 881 2888 σατραπειῶν
901 2820 952 2890 τὴν
972 2819 1126 2890 κατάβασιν

63 2922 90 2962 ευ
179 2906 329 2977 έποιήσατο
348 2903 428 2977 μέχρι
446 2906 662 2971 Καππαδοκίας.

107 2991 162 3065 μη’.
179 2995 313 3058 Διάλυσις
332 2994 448 3051 ἁπασῶν
466 3005 522 3052 τῶν
542 2996 688 3067 δυνάμεων
707 2998 747 3060 είς
764 2996 919 3068 χειμασίαν.

178 3137 197 3192 4
222 3138 329 3208 σφαγαί
354 3139 384 3206 F,
413 3155 482 3194 corr.
501 3145 526 3195 2.
541 3157 578 3195 m.
656 3140 673 3194 5
700 3141 740 3202 εἰς
762 3139 817 3210 Αίγ
818 3160 906 3195 υπτον
931 3141 960 3195 F.
1034 3139 1051 3194 8
1075 3140 1126 3209 τὴν

108 3226 161 3264 om.
175 3208 205 3263 F.
250 3211 295 3272 Ὡς
311 3182 482 3280 Ἀγαθοκλέα
496 3208 688 3304 Καρχηδόνιοι
707 3162 858 3267 συνέθεντο
876 3209 947 3280 πρὸς
965 3210 1125 3280 εἰρήνηνΧ

108 3280 144 3335 14
161 3275 282 3350 ήσα.νδ
338 3232 390 3336 ’15
408 3280 531 3365 Αἴκλων]
547 3281 667 3338 ’Ἀσκλων
683 3282 734 3336 RX
751 3284 918 3348 Ἀσκλῶνδς
939 3299 1007 3337 corr.
1021 3283 1125 3350 Rhod.·

109 3352 144 3406 cf.
164 3352 201 3406 ad
218 3351 270 3404 XX
289 3358 349 3421 101,
364 3358 380 3406 5
398 3353 449 3407 ubl
467 3354 578 3408 Αίκλῶν
597 3353 647 3407 RX
664 3353 796 3409 Αίκαλων
814 3354 844 3409 F
909 3355 942 3409 21
963 3354 1077 3423 στρατια
1095 3357 1125 3410 F

108 3422 144 3476 26
162 3422 297 3493 δυνάμεσι
314 3396 349 3479 R.
