2460 3848
119 187 161 251 74
466 181 790 238 D10d01.x1x45-4⁷.

117 331 277 413 κλυσμόν·
317 329 349 394 οἱ
379 329 442 413 γάρ
473 333 622 393 πλεῖστοι
651 326 845 412 φθάσαντες
871 323 1077 412 ἐξεπήδησαν
1105 327 1143 393 ἐκ

118 447 185 502 τῶν
213 437 328 501 οἰκιῶν
360 437 407 512 είς
437 438 516 512 τοὺς
546 435 730 520 μετεώρους
759 435 883 510 τόπους
911 444 970 518 τῆς
996 436 1195 512 πόλεως·353

116 545 201 629 πρὸς
233 542 271 607 δέ
301 542 433 618 τούτοις
463 543 502 607 τὸ
533 543 577 626 μὴ
610 542 791 619 πλινθίνας
821 535 908 606 εἶναι
936 542 994 618 τάς
1024 542 1142 624 οἰκίας,

117 650 201 716 ἀλλά
232 651 365 726 λιθίνας
393 648 450 713 καλ
479 648 535 713 διά
557 656 656 713 τοῦτο
679 650 759 724 τοὺς
781 646 836 714 ἐπὶ
858 649 899 713 τά
922 646 1021 732 στέγη
1043 671 1143 713 κατα-

82 758 288 841 8φυγόντας
316 755 474 840 ἀσφαλῶς
501 755 719 839 διασωθῆναι.
766 755 853 838 ὅμως
875 753 914 819 δὲ
937 755 1143 838 τηλικούτων
1176 777 1187 816 ι

118 863 334 948 ἀτυχημάτων
363 861 554 946 γενομένων
584 863 718 943 σώματα
746 862 809 944 μὲν
839 862 1008 947 διεφθάρη
1037 863 1142 928 πλείω

116 981 184 1035 τῶν
213 969 451 1052 πεντακοσίων,
480 970 582 1034 οίκίαι
610 969 648 1034 δέ
671 970 705 1034 αἱ
727 969 789 1052 μὲν
811 968 929 1045 τελέως
952 965 1084 1052 έπεσον,
1107 970 1143 1034 αῖ

117 1077 155 1142 δέ
187 1077 433 1160 διεσείσθησαν.
478 1076 535 1141 καλ
565 1077 606 1140 τά
635 1075 697 1158 μέν
726 1076 804 1161 περὶ
830 1077 892 1160 τὴν
917 1073 1032 1141 Ῥόδον
1060 1091 1163 1162 συμχ

117 1183 223 1267 βάντα
244 1191 400 1249 τοιοῦτον
422 1180 496 1267 ἔσχε
519 1184 579 1248 τὸν
602 1183 774 1248 κίνδυνον.

63 1290 107 1354 46
185 1289 375 1374 Ἀντίγονος
405 1289 443 1355 δὲ
471 1290 632 1374 χειμάζων
662 1288 700 1356 ἐν
729 1299 769 1376 τῇ
799 1289 919 1376 Μηδίᾳ
947 1290 1002 1354 καλ
1032 1292 1143 1356 πυθό-
1163 1313 1187 1352 ιο

117 1421 217 1481 μενος
239 1399 385 1463 Πίθωνα
412 1400 558 1474 πολλοὺς
585 1408 653 1462 τῶν
680 1395 718 1463 έν
744 1405 785 1483 τῇ
808 1397 962 1484 χειμασίᾳ
985 1411 1143 1482 στρατιω-

117 1515 185 1570 τῶν
207 1502 417 1588 ἐπαγγελίαις
438 1505 495 1570 καλ
517 1505 658 1590 δωρεαῖς
682 1504 789 1581 ίδίους
811 1503 1065 1583 κατασκευάζειν
1087 1504 1144 1569 καὶ

117 1612 330 1684 διανοεῖσθαι
365 1613 580 1696 νεωτερίζειν,
618 1613 680 1696 την
716 1612 778 1694 μὲν
816 1611 905 1676 ίδίαν
946 1612 1144 1696 προαίρεσιν

117 1716 341 1804 ἐπεκρύψατο,
355 1720 596 1804 προσποιηθεὶς
614 1719 652 1783 δὲ
670 1718 822 1784 ἀπιστεῖν
840 1728 910 1796 τοῖς
924 1717 1144 1799 διαβάλλουσι

116 1826 247 1902 τούτοις
273 1825 336 1908 μὲν
358 1830 493 1891 πολλῶν
516 1826 708 1891 ἀκουόντων
731 1823 926 1909 ἐπετίμησεν
949 1825 994 1902 ὡς
1017 1825 1144 1890 διιστά-
1162 1844 1186 1886 ιι

117 1948 216 1998 νουσι
244 1934 306 2017 την
334 1934 462 2017 φιλίαν,
490 1934 573 2018 πρὸς
601 1932 638 1996 δὲ
660 1933 739 2009 τοὺς
762 1930 855 2009 ἐκτὸς
878 1931 1015 1998 διέδωκε
1039 1933 1143 2015 λόγον

118 2039 169 2104 ὅτι
190 2038 302 2121 μέλλει
324 2044 517 2105 καταλιπεῖν
539 2050 607 2104 τῶν
630 2040 699 2104 ἀνω
723 2049 932 2125 σατραπειῶν
955 2040 1143 2124 στρατηγὸν

117 2148 264 2211 Πίθωνα
299 2147 355 2212 καὶ
391 2147 536 2229 δύναμιν
574 2147 692 2231 ἱκανὴν
731 2147 794 2230 την
834 2143 1044 2232 παρέξουσαν
1079 2148 1143 2230 τὴν

82 2253 311 2338 κάσφάλειαν.
366 2251 490 2339 έγραφε
527 2253 565 2317 δὲ
600 2252 656 2317 καὶ
692 2254 776 2338 πρὸς
812 2252 916 2318 αὐτὸν
952 2250 1143 2337 ἐπιστολήν,

117 2359 219 2437 ἀξιῶν
245 2361 339 2443 ἥκειν
366 2361 427 2444 την
454 2360 622 2443 ταχίστην,
645 2359 735 2436 ὅπως
756 2361 838 2425 κατά
861 2361 1042 2444 πρόσωπον
1065 2362 1143 2446 περί
1161 2379 1186 2420 εο

117 2477 184 2530 τῶν
212 2466 402 2550 ἀναγκαίων
428 2465 749 2550 κοινολογησάμενος
771 2465 894 2552 ταχέως
916 2467 978 2550 τὴν
1001 2464 1056 2532 ἐπὶ
1078 2467 1143 2533 θά-

118 2577 244 2638 λασσαν
273 2573 457 2656 κατάβασιν
485 2577 670 2658 ποιήσηται.
722 2581 825 2638 ταῦτα
855 2572 885 2637 δ’
913 2571 1143 2658 ἐμηχανήσατο

118 2679 273 2745 σπεύδων
305 2690 362 2765 τῆς
395 2680 457 2763 μὲν
489 2678 639 2764 ἀληθοῦς
675 2679 821 2759 ὑποψίας
859 2679 962 2745 αύτὸν
998 2677 1143 2765 ἀποστῆ-

118 2803 188 2871 σαι,
211 2797 323 2852 πεῖσαι
345 2786 375 2851 δ’
397 2787 442 2865 ὡς
465 2787 637 2874 σατράπην
654 2788 1007 2872 καταλειφθησόμενον
1025 2785 1143 2854 ἐλθεῖν

118 2896 166 2972 εἰς
195 2904 319 2979 χεῖρας·
355 2896 436 2977 μετά
466 2897 541 2977 βίας
570 2897 634 2981 γάρ
665 2898 846 2977 συλλαβεῖν
876 2895 916 2959 ού
949 2891 1067 2982 ῥηίδιον
1098 2891 1143 2979 ἦν
1159 2909 1183 2953 ει

118 3001 225 3087 ἀνδρα
249 3001 305 3066 καὶ
332 2998 410 3087 παρ’
433 3000 636 3091 Ἀλεξάνδρφ
659 3011 857 3088 προαγωγῆς
879 2997 924 3066 δι’
946 3001 1068 3086 ἀρετὴν
1090 3025 1139 3068 τε·

118 3110 256 3193 τευχότα
286 3109 343 3174 καλ
374 3105 444 3174 κατ’
477 3108 606 3176 ἐκεῖνον
638 3110 698 3175 τὸν
729 3110 848 3195 καιρὸν
878 3108 1059 3193 σατράπην1
1079 3109 1142 3192 μὲν

188 3337 372 3394 θτουτονΕ.
424 3339 460 3393 15
478 3338 651 3394 διιστάνουσι
669 3339 720 3409 μὲν
737 3338 838 3409 τὴνφ.
857 3338 888 3392 F
939 3337 975 3392 22
993 3337 1142 3408 ποιήσαιν-

112 3427 146 3461 το
164 3407 225 3462 ΒΧ.
306 3410 344 3465 23
366 3409 558 3484 <τ>ἀληθούς
582 3360 864 3479 Ηειῖ1.μΠ2μ.;14
890 3411 920 3463 οῖ
943 3407 1141 3480 ef.111p..33

93 3474 139 3529 21
159 3486 219 3531 πεί
212 3495 261 3533 σαι
286 3480 319 3536 δ’
339 3483 380 3547 ὡς
403 3481 607 3557 σατράπην]
593 3503 630 3547 ως
655 3481 685 3538 δὲ
711 3480 856 3550 σατράπην
879 3479 909 3535 F.
983 3428 1075 3550 Fqup
1091 3481 1142 3551 μὲν

80 3539 177 3616 ὄντα]
189 3547 325 3617 μένοντα
342 3556 377 3615 F.
