2460 3848
472 186 570 240 LIBRI
588 185 659 241 XIX.
1038 185 1075 240 lX

58 279 105 328 cap

107 310 111 321 Ι
166 347 300 403 Casandri
325 348 424 415 frater,
449 347 480 401 in
504 346 619 402 Aetolos
645 350 674 402 et
699 347 829 417 Epirotae
856 346 962 401 bellurn
989 347 1077 416 gessit

166 445 268 496 eosque
292 427 399 497 duplici
421 427 529 496 proelio
551 428 620 482 vicit
637 427 792 495 horumque
811 443 906 496 regem
924 427 1077 481 Aeacidam

164 508 316 564 interemit.

58 594 99 643 75.
128 589 160 643 ln
185 589 253 643 Asia
279 588 432 656 Casander,
458 587 555 644 Cariae
580 589 752 656 praefectus,
778 587 853 642 bello
876 603 1024 656 oppressus
1047 587 1077 641 in

164 669 301 740 Antigoni
318 672 413 738 partes
433 669 577 724 concessit.
610 668 676 722 Mox
693 669 802 722 mutato
822 667 938 722 consilio
958 668 992 722 dc
1006 684 1077 722 novo

165 749 267 804 deficit.
315 750 375 815 Quo
407 748 482 804 facto
512 749 670 819 Antigonus
702 751 777 802 terra
809 747 935 815 marique
968 747 1077 801 Cariam

165 829 278 900 subigit.
317 829 458 884 Casander
480 828 568 883 classe
592 827 737 883 Graeciam
764 829 863 896 petens
889 845 952 881 cum
976 827 1077 884 Oreum

165 912 353 980 oppugnaret,
373 927 437 964 cum
455 909 626 976 Telesphoro
645 911 673 963 et
691 907 785 962 Medio
805 908 938 977 confligit.

58 996 100 1044 76.
128 990 159 1044 In
178 990 262 1044 Italia
281 1006 352 1059 quae
370 991 444 1044 inter
462 990 602 1045 Romanos
622 991 650 1044 et
664 987 803 1042 Samnites
821 1005 905 1056 porro
923 991 1003 1058 gesta
1022 989 1078 1042 siut

165 1073 424 1126 commemorantur.
463 1069 601 1124 Samnites
624 1087 721 1138 pugna
738 1068 776 1121 ad
794 1066 912 1122 Cinnam
931 1069 1079 1122 commissa

164 1151 240 1204 victi.
278 1149 414 1219 Campani
432 1149 602 1204 rebellantes
620 1165 684 1203 mox
702 1164 801 1218 pacem
820 1149 955 1203 fecerunt.

398 1299 440 1356 01.
457 1305 624 1369 117,1:312
640 1317 664 1354 a.
680 1299 742 1354 chr.

59 1397 100 1446 77,
129 1391 288 1461 Antigonus
308 1390 500 1446 Ptolemaeum
526 1391 563 1444 ad
588 1389 763 1444 liberandam
787 1388 933 1444 Graeciam
956 1389 1077 1459 ablegat.

164 1471 269 1526 Rhodii
287 1471 405 1525 navibus
424 1472 544 1527 eundem
563 1471 704 1525 adiuvant.
743 1468 883 1524 Casander
903 1469 995 1524 soluta
1014 1469 1080 1524 Orei

165 1550 311 1606 obsidione
325 1551 487 1606 Chalcidem
504 1551 590 1620 petit;
610 1551 676 1605 inde
694 1566 759 1604 vero
774 1550 809 1604 de
823 1550 989 1605 Macedonia
1003 1549 1079 1604 solli-

166 1632 238 1684 citus
260 1631 359 1686 relicto
383 1630 515 1686 Chalcide
538 1632 679 1701 praesidio
702 1632 733 1685 in
751 1630 945 1684 Macedoniam
963 1631 1077 1685 recedit.

59 1717 101 1768 78.
130 1711 276 1780 Corcyraei
295 1712 445 1781 Apollonia
471 1715 499 1767 et
522 1712 680 1781 Epidamno
706 1710 841 1765 Casandri
865 1711 1007 1778 praesidia
1032 1727 1079 1764 ex-

164 1792 283 1861 pellunt.
309 1792 499 1860 Ptolemaeus,
513 1793 650 1862 Antigoni
668 1792 791 1862 legatus,
811 1790 973 1846 Chalcidem
989 1790 1078 1858 capit;

164 1875 226 1926 tum
244 1873 274 1926 in
293 1873 417 1926 Atticam
436 1876 465 1927 et
482 1873 635 1927 Phocidem
648 1887 811 1941 progressus
825 1870 931 1939 ubique
945 1869 1079 1924 Casandri

165 1953 308 2021 praesidia
327 1952 426 2023 abigit.

59 2038 101 2087 79.
131 2031 299 2101 Cyrenaeos,
325 2031 441 2102 Cyprios
467 2032 593 2101 aliosque
618 2031 736 2087 rebelles
761 2047 813 2101 per
837 2031 946 2101 legatos
973 2029 1079 2100 subigit

165 2110 355 2180 Ptolemaeus;
387 2113 448 2181 ipse
475 2113 505 2166 in
533 2113 643 2182 Syriam
671 2114 699 2166 et
727 2111 854 2165 Ciliciam
887 2111 1079 2179 expeditiones

166 2193 292 2261 suscipit.

59 2277 101 2326 80.
129 2273 301 2339 Demetrius,
334 2272 470 2342 Antigoni
502 2273 589 2339 filius,
621 2273 650 2326 in
684 2271 843 2340 Coelesyria
874 2272 1079 2340 Aegyptiorum

166 2353 255 2421 copiis
278 2353 423 2422 oppositus
448 2352 548 2407 stabat.
586 2354 618 2407 In
638 2352 713 2405 hunc
731 2351 907 2406 Ptolemaeus
927 2370 944 2405 a
963 2351 1078 2405 Seleuco

166 2433 327 2486 admonitus
345 2433 441 2502 copias
459 2434 584 2502 undique
603 2435 761 2488 contractas
780 2432 925 2487 convertit.

59 2517 101 2566 81.
129 2512 272 2568 Demetrio
298 2513 425 2566 adiuncti
451 2514 535 2567 amici
559 2531 656 2584 pugna
683 2512 824 2567 abstinere
852 2513 979 2567 suadent.
1024 2512 1079 2566 Sed

166 2593 291 2647 animum
310 2593 419 2647 addunt
436 2594 554 2662 milites,
574 2611 644 2662 quos
663 2593 750 2647 animi
768 2594 953 2647 mansuetudo
973 2596 1002 2647 et
1020 2609 1079 2647 cor·

165 2673 243 2742 poris
262 2672 346 2727 decor
364 2675 484 2741 ceperat.

58 2757 101 2808 82.
129 2752 267 2806 Demetrii
286 2753 361 2807 acies
379 2753 517 2806 instructa
536 2754 573 2808 ad
591 2754 736 2823 proelium.

59 2837 101 2886 83.
129 2831 284 2888 Ptolemaei
310 2836 338 2887 et
364 2832 473 2888 Seleuci
499 2834 636 2903 disposita
661 2835 744 2889 acies.
786 2834 875 2888 Simul
895 2834 996 2902 proelii
1015 2834 1079 2887 initi

166 2913 289 2969 initium.

59 2998 101 3046 84.
130 2991 224 3047 Primo
243 2994 361 3062 ancipiti
379 2994 469 3047 Marte
487 2995 644 3063 pugnatum
663 2998 712 3049 est.
750 2995 816 3048 Mox
834 2994 996 3063 elephantes
1015 3012 1079 3049 con-

167 3075 285 3127 sternati
316 3072 432 3128 turbant
464 3073 601 3128 Demetrii
633 3076 730 3130 aciem.
787 3075 818 3128 ln
854 3076 951 3144 fugam
985 3078 1079 3129 actum

166 3152 340 3207 Demetrium
372 3152 549 3207 Ptolemaeus
581 3153 685 3207 Gazam
716 3172 805 3224 usque
837 3156 1014 3224 persequitur
1051 3158 1079 3210 et

166 3233 240 3287 hanc
257 3233 356 3288 urbem
375 3235 502 3302 occupat.

59 3319 102 3368 85.
131 3313 289 3368 Demetrius
312 3315 403 3383 primo
422 3315 542 3368 Azotum
566 3315 711 3369 contendit
729 3316 766 3368 ad
783 3317 989 3384 procurandam
1006 3334 1078 3370 mor-

167 3397 279 3448 tuorum
300 3394 481 3462 sepulturam.
519 3393 667 3448 Caesorum
686 3412 829 3450 numerus.
863 3396 995 3463 Regiam
1005 3409 1095 3457 pruc-

168 3475 232 3529 dam
245 3474 422 3530 Ptolemaeus
441 3474 517 3531 ultro
533 3476 641 3533 reddit.
668 3475 789 3532 Deinde
796 3466 1124 3541 'lupciinhnccnlxcea

156 3554 319 3611 Demetrius
339 3573 371 3613 se
389 3557 506 3629 recipit.
