2460 3848
81 185 145 250 160
422 179 756 236 Diodor.x1x103.104.

1 327 65 394 103
144 324 229 410 Ἀμα
256 326 294 393 δὲ
321 327 452 404 τούτοις
476 324 720 411 πρασσομένοις
742 324 968 411 Δεινοκράτης
991 324 1009 390 ὁ
1031 335 1101 391 τῶν

79 435 301 520 Συρακοσίων
324 432 487 518 φυγάδων
508 433 694 517 ήγοάμενος
716 433 799 518 πρὸς
823 431 885 515 μὲν
907 434 987 508 τοὺς
1009 435 1101 517 Καρ-

78 542 256 626 χηδονίους
275 539 486 624 διεπέμπετο,
509 542 652 624 βοηθεῖν
670 537 772 617 ἀξιῶν
789 537 908 624 πρίνή
931 539 991 603 τὸν
1005 534 1101 623 Ἀγα-

44 646 205 713 νθοκλέα
227 656 338 713 πᾶσαν
359 645 419 732 ὑφ’
437 645 558 713 ἑαυτὸν
580 650 786 732 ποιήσασθαι
807 647 977 729 Σικελίαν,
1001 646 1101 724 αὐτὸς

80 754 117 819 δὲ
148 753 413 840 προσδεξάμενος
444 756 523 831 τοὺς
554 751 591 819 ἐκ
622 754 805 836 Μεσσήνης
838 749 1102 837 ἐκβεβλημένους
1133 774 1145 814 ε

80 861 248 945 φυγάδας,
278 857 363 945 ἔχων
391 859 498 946 ἁδράν
526 860 681 943 δύναμιν,
712 858 904 925 ἀπέστειλέν
929 881 1006 924 τινα
1031 869 1101 925 τῶν

80 967 156 1053 περί
179 967 284 1033 αὑτὸν
300 967 552 1053 Νυμφόδωρον,
575 967 656 1044 δοὺς
674 965 772 1052 μέρος
794 976 862 1031 των
880 975 1102 1052 στρατιωτῶν,

44 1071 135 1140 azaz
163 1075 225 1158 τήν
254 1076 508 1160 Κεντοριπίνων
538 1075 651 1139 πόλιν·
682 1073 808 1158 ταύτην
836 1074 900 1159 γὰρ
917 1096 1102 1159 Δφρουρου-

79 1180 184 1265 μένην
205 1178 263 1246 ὑιέ
282 1177 526 1265 Ἀγαθοκλέους
547 1191 615 1246 τῶν
638 1186 817 1247 πολιτικῶν
838 1203 927 1257 τινες
949 1178 1102 1264 ἐπηγγεί-

48 1337 49 1341 ,
81 1291 181 1353 λαντο
209 1289 430 1374 παραδώσειν,
459 1284 513 1373 ἀφ’
537 1287 601 1375 ότφ
630 1289 692 1372 τήν
722 1288 926 1370 αὐτονομίαν
956 1288 1102 1371 δοθήναι
1121 1307 1147 1348 ιο

80 1405 125 1483 τῷ
160 1395 261 1483 δήμφ.
313 1397 593 1480 παρεισπεσόντος
629 1392 661 1460 δ’
688 1396 736 1471 είς
771 1397 833 1480 τήν
864 1396 964 1460 πόλιν
996 1393 1101 1459 αὐτοῦ

80 1503 200 1579 νυκτὸς
237 1503 269 1567 υί
305 1513 508 1588 προεστῶτες
543 1513 602 1587 τής
638 1510 790 1588 φρουρᾶς
826 1503 1023 1583 αίσθόμενοι
1062 1502 1101 1566 τὸ

81 1610 219 1692 γεγονὸς
246 1608 350 1674 αὐτόν
376 1631 412 1673 τε
439 1610 500 1674 τὸν
522 1609 763 1695 Νυμφόδωρον
785 1608 920 1674 ἀνεῖλον
942 1607 997 1673 καί
1021 1610 1101 1685 τοὺς

45 1734 62 1782 4
81 1714 296 1798 βιαζομένους
314 1713 408 1792 ἐντὸς
425 1724 485 1781 τοῦ
504 1718 642 1801 τείχους.
678 1716 799 1799 ταύτης
816 1714 855 1779 δὲ
873 1723 930 1798 τής
949 1713 1102 1799 ἀφορμῆς

81 1823 264 1905 λαβόμενος
279 1818 484 1906 Ἀγαθοκλῆς
506 1821 681 1889 ἐνεκάλεσέ
701 1845 736 1888 τε
759 1831 828 1899 τοῖς
845 1823 1102 1906 Κεντοριπίνοις
1121 1839 1147 1882 ιι

80 1929 237 2005 καὶτοὺς
263 1926 423 2007 δόξαντας
446 1931 573 2007 αῖτίους
594 1929 769 2014 γεγονέναι
796 1937 856 1994 τοῦ
878 1935 1102 2012 νεωτερισμοῦ

81 2034 207 2113 πάντας
229 2034 405 2121 ἀπέσφαξε.
451 2037 528 2123 περὶ
549 2046 654 2102 ταῦτα
676 2032 708 2099 δ’
725 2036 822 2112 όντος
848 2043 909 2100 τοῦ
933 2033 1102 2100 δυνάστου

81 2144 309 2229 Καρχηδόνιοι
344 2144 629 2220 καταπλεύσαντες
665 2143 713 2220 είς
748 2143 809 2207 τὸν
844 2140 949 2225 μέγαν
986 2139 1103 2223 λιμένα

80 2261 149 2316 τῶν
167 2253 389 2336 Συρακοσίων
406 2253 613 2334 πεντήκοντα
635 2248 797 2333 σκάφεσιν
816 2249 897 2313 άλλο
919 2247 981 2330 μεν
1000 2246 1102 2312 οὐδὲν

81 2357 303 2440 ἠδυνήθησαν
330 2354 465 2442 πρᾶξαι,
493 2356 572 2422 δνσὶ
599 2355 637 2421 δὲ
663 2357 898 2441 περιπεσόντες
921 2363 1102 2439 φορτηγοῖς
1121 2374 1148 2415 ιο

83 2465 212 2540 πλοίοις
234 2465 318 2548 *τήν
343 2463 404 2545 μὲν
431 2460 465 2540 ἐξ
484 2461 638 2546 Ἀθηνῶν
665 2461 862 2546 κατέδυσαν,
888 2471 956 2527 τῶν
979 2456 1010 2523 δ’
1028 2457 1157 2526 ἐπι-898

48 2571 253 2637 οπλεόντων
279 2570 338 2647 τὰς
367 2580 478 2656 χεῖρας
507 2568 688 2650 ἀπέκοψαν.
738 2567 907 2647 δοξάντων
937 2568 969 2632 δ’
991 2567 1104 2633 αὐτῶν

84 2676 178 2758 ἀμοῖς
205 2683 389 2762 κεχρήσθαι
414 2678 493 2761 μηδ’
509 2677 624 2743 ὁτιοῦν
647 2677 800 2742 ἀδικοῦσι
822 2675 905 2759 ταχὺ
927 2675 965 2739 τὸ
989 2673 1104 2755 δαιμό-

83 2806 159 2848 νιον
182 2782 295 2861 αὐτοῖς
323 2781 554 2869 ἐπεσήμαινεν·
583 2785 670 2850 εὐθὺ
697 2784 761 2868 γάρ
787 2790 847 2848 τοῦ
870 2783 991 2846 στόλου
1014 2779 1104 2858 τινὲς

154 2976 172 3031 3
195 2975 333 3047 βοήθειαν
351 2978 382 3044 F,
408 2994 477 3069 οοιε.
497 2984 521 3033 2.
536 2997 572 3032 m.
652 2977 670 3032 4
694 2977 759 3046 post
778 2971 910 3030 Σικελίαν
936 2973 1042 3028 adm
1065 2969 1104 3043 μὴ

84 3049 268 3194 ἰ’δέέῗῑάύ.
322 3049 563 3192 λεαίῖίίεμῗλις
581 3044 848 3188 άάξῗλίιίίήέλ
867 3046 899 3171 δ
926 3050 1103 3187 θοάάειῗ]

85 3190 136 3244 οῖκ
154 3190 184 3245 F.
257 3190 292 3245 21
317 3189 385 3261 *τήν
410 3191 472 3264 μὲν]
498 3191 584 3245 verba
608 3190 747 3260 (quamvis
770 3189 905 3244 defendat
923 3187 1024 3255 Wess.)
1047 3204 1105 3241 non

84 3261 208 3330 integra:
233 3258 265 3317 τὸ
287 3263 338 3332 μέν
361 3263 477 3329 Reiske3
504 3265 554 3317 aut
574 3263 677 3316 lacuna
696 3261 848 3317 statuenda
865 3260 907 3314 ita
925 3261 958 3313 ut
975 3258 1104 3328 legamus

84 3328 135 3401 τήν
162 3333 213 3402 μὲν
240 3333 370 3406 <ἀγορδιν
395 3331 576 3406 κομίζουσιν)
604 3333 650 3404 (ef.
676 3332 728 3386 XX
748 3338 773 3400 5,
787 3334 815 3402 4)
847 3333 898 3385 aut
925 3329 1105 3384 scribendum

84 3401 275 3474 εἰοθεομένοις
300 3405 374 3474 (XIV
395 3411 437 3472 62,
457 3410 484 3474 2)
508 3405 554 3460 vel
579 3404 670 3459 simile
695 3403 817 3472 aliquid3
844 3397 952 3470 ἀήκεν
976 3400 1070 3454 Madv.
1091 3400 1106 3454 Ι

64 3491 97 3539 p.
114 3481 176 3529 512.
217 3485 275 3532 τῶν
293 3475 325 3532 δ’
340 3477 388 3534 ἐπὶ
408 3473 565 3553 (θατέρῳ)
590 3478 651 3548 (κοιλ
673 3474 719 3530 έπλ
737 3474 797 3548 <τῷ
812 3473 843 3528 ἐκ
863 3471 1104 3544 Συρακουσσῶν»

53 3541 207 3600 πλεόντων
223 3549 345 3608 Ιῖεῖεῖιε.
424 3551 461 3609 24
481 3549 657 3624 ἐπεσήμηνεν
673 3548 708 3604 Κ.
745 3545 834 3608 εῖθδες
845 3545 883 3600 Κ.
