2460 3848
137 183 201 248 182
375 214 378 221 -
519 178 633 233 Diodor.
643 177 694 232 XX
709 183 733 233 7.
744 183 768 233 8.

135 324 348 410 κατεχούσαις
370 325 529 390 Σικελίαν
551 330 648 401 θεαῖς
669 327 822 409 Δήμητρι
844 324 900 388 καί
922 325 1016 413 Κόρη
1039 343 1154 388 πεποι-

134 438 253 515 ῆσθαι,
276 429 354 496 καθ’
376 429 417 496 δν
439 432 556 517 καιρὸν
580 429 790 514 ἐδιώχθησαν
812 429 879 494 ὑπὸ
900 430 1154 516 Καρχηδονίων,

99 556 115 604 3
135 539 234 624 εῦχάς
252 537 496 620 λαμπαδεύσειν
515 537 643 613 ἁπάσας
660 536 718 613 τάς
736 545 827 614 ναῦς.
863 542 969 614 καλῶς
989 531 1051 602 οὖν
1065 533 1155 622 έχειυ

134 646 326 729 τετευχότας
352 654 410 729 της
437 645 601 729 σωτηρίας
626 642 823 709 ἀποδιδόναι
846 645 903 722 τάς
927 644 1032 729 εὐχάς.
1078 643 1154 709 ἀντί

135 751 172 816 δὲ
194 751 323 816 τούτων
341 748 559 835 ἐπηγγέλλετο
578 751 847 827 πολλαπλασίους
867 750 1054 816 ἀποδώσειν
1072 771 1152 834 προ·
1186 771 1198 812 ε

134 859 252 941 θύμως
281 857 392 923 αὐτῶν
422 857 691 941 ἀγωνισαμένων·
722 857 778 922 καί
806 858 871 942 γάρ
901 858 959 934 τὰς
987 858 1070 934 θεάς
1098 857 1154 921 διά

133 975 201 1031 τῶν
222 965 320 1050 ίερῦν
336 966 576 1050 προσημαίνειν
594 965 692 1048 νίκην
710 971 770 1028 τοῦ
789 963 979 1046 σύμπαντος
998 963 1154 1046 πολέμου.

98 1090 114 1137 4
134 1071 200 1153 άμα
219 1070 378 1136 δὲταῦτα
400 1070 556 1155 λέγοντος
580 1070 682 1135 αὐτοῦ
707 1081 773 1135 τῶν
791 1068 966 1156 ὑπηρετῶν
984 1094 1033 1148 τις
1050 1087 1154 1157 προσ-

133 1180 273 1261 ήνεγκεν
291 1176 440 1261 ἡμμένην
459 1177 557 1265 δᾷδα·
579 1177 623 1261 ἣν
644 1174 820 1259 δεξάμενος
837 1177 894 1241 καί
911 1187 981 1255 τοῖς
998 1178 1155 1264 τριηράρ-

133 1308 204 1368 χοις
232 1284 353 1367 ὁμοίως
379 1284 482 1349 άπασι
508 1281 694 1370 προστάξας
715 1282 900 1348 ἀναδοῦναι
926 1284 984 1362 τάς
1010 1308 1045 1349 τε
1070 1286 1154 1363 θεάς
1173 1305 1199 1345 ω

134 1389 351 1456 ἐπεκαλέσατο
378 1392 434 1456 καὶ
462 1401 591 1477 πρῶτος
617 1391 770 1476 ὥρμησεν
797 1388 852 1456 ἐπί
879 1392 940 1475 την
968 1391 1155 1478 ναυαρχίδα

133 1501 264 1584 τριήρη·
301 1499 380 1575 στάς
416 1497 447 1562 δ’
478 1496 532 1563 ἐπὶ
568 1499 630 1582 τὴν
661 1497 817 1583 πρύμναν
849 1497 904 1562 καί
940 1507 1010 1575 τοῖς
1041 1499 1154 1575 ἀλλοις

133 1605 170 1669 τὸ
203 1607 435 1688 παραπλήσιον
467 1614 576 1670 ποιεῖν
608 1605 852 1690 παρεκελεύετο.
904 1601 990 1670 ἔνθα
1017 1604 1058 1689 δη
1086 1615 1155 1670 τών

132 1711 342 1797 τριηράρχων
375 1710 532 1776 ἁπάντων
564 1710 707 1777 ἐνέντων
739 1712 776 1775 τὸ
808 1719 876 1797 πῦρ
903 1711 959 1776 καί
985 1713 1067 1796 ταχὺ
1095 1722 1154 1797 τῆς

134 1818 259 1901 φλογὸς
283 1820 331 1895 εἰς
353 1818 439 1899 ύψος
457 1817 617 1902 ἀρθείσης
641 1818 674 1883 ολ
696 1817 757 1900 μὲν
776 1817 972 1900 σαλπιγκταὶ
994 1819 1032 1882 τὸ
1056 1823 1152 1883 πολε·
1173 1837 1198 1878 ιι

133 1924 231 2006 μικὸν
254 1914 444 2011 ἐσήμαινον,
472 1926 509 1990 τὸ
537 1924 575 1990 δέ
598 1924 822 2010 στρατόπεδον
849 1921 1045 2008 ἐπηλάλαξε,
1073 1940 1154 1989 συν-

134 2030 324 2114 ευχομένων
361 2031 516 2097 ἁπάντων
551 2029 637 2115 ὑπὲρ
673 2040 731 2116 τῆς
767 2031 814 2107 εἰς
851 2024 945 2095 οἶκον
982 2033 1153 2117 σωτηρίας.

98 2147 231 2204 στοῦτο
260 2139 289 2203 δ’
313 2136 453 2225 ἔπραξεν
476 2133 682 2221 Ἀγαθοκλῆς
709 2136 850 2220 μάλιστα
876 2137 937 2220 μέν
968 2137 1064 2204 ἕνεκα
1092 2148 1153 2204 τοῦ

133 2247 383 2330 συναναγκάσαι
410 2247 489 2323 τοὺς
515 2244 714 2330 στρατιώτας
737 2241 775 2309 ἐν
797 2254 867 2321 τοῖς
889 2244 1061 2322 κινδύνοις
1083 2243 1153 2311 ἐπι-

134 2351 301 2418 λαθέσθαι
323 2355 361 2418 τὸ
384 2351 541 2437 παράπαν
564 2361 621 2436 τῆς
645 2359 767 2436 φυγῆς·
795 2351 900 2436 δῆλον
924 2353 988 2437 γάρ
1017 2352 1068 2417 ὅτι
1095 2360 1153 2435 τῆς
1172 2373 1199 2413 εο

133 2456 187 2523 ἐπί
219 2460 278 2536 τάς
308 2468 392 2535 ναῦς
426 2467 620 2542 καταφυγῆς
656 2456 877 2542 ἀποκοπείσης
913 2457 950 2523 ἐν
984 2461 1075 2546 μόνω
1106 2471 1151 2546 τῷ

133 2572 230 2629 νικᾶν
262 2562 374 2642 ἕξουσι
405 2565 463 2640 τάς
495 2562 631 2641 ἐλπίδας
662 2573 720 2649 τῆς
752 2567 925 2651 σωτηρίας·
959 2562 1070 2630 ἔπειτα
1097 2567 1154 2631 καί

133 2671 277 2753 δύναμιν
295 2670 413 2755 ὀλίγην
432 2667 517 2755 έχων
535 2668 674 2757 ἐθεώρει
697 2672 783 2737 διότι
807 2672 989 2757 φυλάσσων
1010 2673 1072 2756 μὲν
1094 2674 1152 2750 τάς

133 2786 216 2855 ναῦς
238 2776 527 2863 ἀναγκασθήσεται
550 2781 692 2862 μερίζειν
710 2780 748 2844 τὸ
772 2780 997 2864 στρατόπεδον
1014 2779 1069 2844 καί
1093 2804 1153 2863 μη-

133 2884 244 2966 δαμῶς
276 2882 450 2968 ἀξιόμαχος
482 2879 582 2968 εἶναι,
616 2886 806 2951 καταλιπὼν
838 2882 868 2949 δ’
897 2884 1038 2971 ἐρήμους
1070 2884 1153 2951 ὑπο·
1172 2906 1199 2947 τε

93 2990 112 3054 8
132 2992 278 3076 χειρίους
301 2994 431 3075 ποιήσει
453 2990 613 3076 γενέσθαι
631 2992 884 3078 Καρχηδονίοις.
922 2993 962 3058 ού
983 2994 1050 3077 μην
1068 2991 1153 3058 ἀλλά

203 3131 219 3185 1
234 3135 381 3186 ποιεῖσθαι
394 3132 424 3187 F.
474 3131 499 3186 3.
510 3132 528 3187 4
541 3131 875 3202 λαμπαδεύσειν-τύχας
888 3149 942 3187 om.
953 3133 982 3188 F.
1033 3132 1075 3186 ὄλ.
1088 3136 1154 3201 post

132 3203 263 3256 πολλαπλ.
284 3202 445 3258 addendum
465 3203 637 3277 <χάριτας>ς
656 3203 690 3257 cf.
707 3203 758 3256 XX
772 3209 850 3270 20,3.
904 3203 923 3257 6
941 3205 1033 3259 αὐτῶν
1053 3221 1106 3258 om.
1121 3205 1152 3259 F.

134 3275 148 3328 7
173 3272 297 3336 ἅπαντος
319 3275 350 3341 F,
376 3292 445 3330 corr.
465 3281 489 3329 λ.
504 3293 541 3328 m.
618 3275 636 3330 θ
659 3277 734 3330 δᾶδα
751 3273 778 3327 X
803 3273 877 3329 δάδα
896 3275 925 3329 F.
1003 3275 1039 3329 10
1064 3275 1154 3330 άπασι

131 3344 289 3412 προστάξας
307 3343 408 3416 ὁμοίως
425 3347 455 3400 F.
537 3345 573 3400 14
585 3354 760 3416 τριηραρχῶν
777 3345 803 3400 R
822 3346 867 3416 (cf.
883 3345 1011 3401 Schmidt
1028 3347 1052 3400 J.
1067 3347 1087 3400 f.
1102 3347 1153 3401 Ph.

126 3416 220 3483 suppl,
236 3415 288 3469 XX
304 3435 334 3486 p.
350 3419 421 3488 485).
477 3416 513 3471 16
531 3416 697 3486 ἐπηλλάλαξε
716 3418 746 3471 F.
783 3414 940 3487 εὐχομένων
959 3418 989 3471 F.
1044 3417 1080 3471 23
1099 3438 1154 3486 φυ-

110 3483 226 3540 λάττων
241 3486 277 3541 Χ,
354 3489 393 3546 25
417 3488 519 3546 malim
546 3487 632 3545 ἐσται.
684 3485 860 3560 ῦποχειοίους
884 3485 1018 3558 γενέσθαι
1042 3489 1154 3559 ποιήσει

94 3556 321 3624 Καρχηδονίων
339 3562 373 3621 F.
