2460 3848
449 179 603 247 01.11s‚2:
623 184 715 245 εοτμ.
727 178 789 233 chr.
1063 181 1128 247 243

111 329 247 410 λεμαίου
279 336 336 410 τῆς
367 328 474 410 νήσου
507 326 687 409 στρατηγὸς
719 322 894 401 Μενέλαος
930 324 1130 408 συναγαγὼν

109 436 189 511 τοὺς
216 432 416 519 στρατιώτας
443 431 480 498 ἐκ
506 441 574 497 τῶν
602 433 776 517 φρουρίων
803 429 970 516 διέτριβεν
997 429 1035 496 ἐν
1061 434 1130 496 Σα-

109 545 238 624 λαμίνι,
261 540 452 625 ἀπεχόντων
475 539 513 604 δὲ
534 538 780 624 τεσσαράκοντα
802 538 960 616 σταδίους
981 548 1049 603 τῶν
1070 561 1128 604 πο·

110 649 233 729 λεμίων
259 644 401 731 ἐξῆλθεν
428 643 513 731 ἔχων
540 647 657 725 πεζοὺς
684 645 746 728 μὲν
772 647 914 730 μυρίους
940 644 996 711 καί
1026 645 1130 736 δισχι-

79 773 91 814 ε
109 755 214 838 λίους,
235 754 344 830 ἱππεῖς
362 752 495 839 δὲπερί
513 753 736 830 ὀκτακοσίους.
773 750 954 838 γενομένης
971 751 1009 817 δὲ
1026 751 1131 837 μάχης

56 859 167 929 441ἐπ’
197 859 313 944 ὀλίγον
348 861 472 946 χρόνον
504 861 538 926 ol
572 859 635 942 μὲν
665 859 742 945 περὶ
778 861 838 925 τὸν
869 857 1048 925 Μενέλαον
1079 855 1131 924 ἐκ·

109 965 308 1049 βιασθέντες
325 965 524 1053 ἐτράπησαν,
547 966 565 1032 ὁ
585 966 623 1032 δὲ
640 969 832 1052 Δημήτριος
850 962 1035 1043 συνδιώξας
1052 967 1132 1043 τοὺς

110 1076 289 1156 πολεμίους
316 1075 364 1151 είς
390 1075 452 1160 την
478 1074 578 1139 πόλιν
601 1073 828 1159 αἰχμαλώτους
854 1073 915 1156 μέν
943 1069 1062 1155 ἔλαβεν
1089 1071 1130 1137 οὐ

110 1183 197 1246 πολὺ
234 1179 390 1258 ἐλάττους
425 1181 628 1266 τρισχιλίων,
664 1179 774 1245 ἀνεῖλε
810 1179 849 1245 δὲ
883 1180 961 1266 περὶ
993 1181 1131 1265 χιλίους.

66 1311 92 1351 ιο
110 1289 189 1364 τοὺς
211 1284 242 1352 δ’
261 1286 402 1364 ἁλόντας
428 1288 466 1353 τὸ
493 1286 555 1369 μὲν
577 1297 712 1372 πρῶτον
734 1285 904 1363 ἀπολύσας
925 1296 993 1351 τῶν
1016 1284 1131 1370 ἐνκλη-
1149 1304 1165 1351 4

109 1394 222 1477 μάτων
257 1394 465 1460 καταδιεῖλεν
501 1395 549 1470 εἰς
584 1395 643 1471 τὰς
683 1403 751 1458 τῶν
789 1392 885 1458 ίδίων
921 1403 1131 1478 στρατιωτῶν

107 1498 227 1579 τάξεις·
251 1500 568 1586 ἀποδιδρασκόντων
586 1502 619 1565 δ’
631 1500 743 1566 αὐτῶν
765 1500 848 1585 πρὸς
870 1501 949 1576 τοὺς
972 1499 1049 1585 περὶ
1070 1501 1131 1566 τὸν

108 1606 288 1674 Μενέλαον
317 1608 374 1672 διὰ
402 1608 440 1672 τὸ
469 1608 528 1683 τὰς
557 1605 744 1684 ἀποσκευὰς
773 1605 811 1672 έν
840 1606 1002 1694 Αίγύπτφ
1033 1628 1130 1672 κατα-

109 1714 297 1782 λελοιπέναι
320 1714 410 1800 παρδι
428 1715 636 1802 Πτολεμαίῳ,
659 1716 763 1798 γνοὺς
785 1712 1010 1797 ἀμεταθέτους
1032 1714 1131 1790 όντας

66 1843 91 1884 15
110 1821 305 1906 ἐνεβίβασεν
328 1822 376 1898 είς
402 1821 461 1897 τάς
487 1829 571 1897 ναῦς
593 1819 649 1885 καί
671 1821 755 1906 πρὸς
773 1816 967 1904 Ἀντίγονον
991 1821 1038 1898 είς
1060 1825 1131 1887 Συ-

110 1931 187 2014 ρίαν
205 1929 406 1995 ἀπέστειλεν.
444 1921 542 2005 οὗτος
561 1925 599 1991 δὲ
621 1935 742 1993 τοῦτον
759 1927 820 1992 τὸν
839 1928 964 2013 χρόνον
987 1924 1131 2013 διέτριβε
1149 1944 1165 1992 5

109 2035 186 2120 περὶ
207 2036 269 2119 την
287 2036 357 2100 ἀνω
375 2037 519 2121 Συρίαν,
542 2034 642 2099 πόλιν
659 2036 777 2112 κτίζων
795 2034 873 2119 περὶ
892 2036 953 2100 τὸν
971 2030 1131 2120 Ὀρόντην

109 2144 258 2224 ποταμὸν
293 2143 355 2226 τὴν
392 2140 631 2225 ὠνομασμένην
663 2138 873 2224 Ἀντνμονίαν
911 2139 969 2225 ἀφ’
1000 2138 1130 2206 ἑαυτοῦ.

109 2249 322 2328 κατεσκεύαζε
345 2249 383 2314 δὲ
409 2253 613 2332 πολυτελῶς,
640 2248 702 2333 την
723 2248 921 2333 περίμετρον
944 2246 1131 2331 ὑποστησά-

65 2376 92 2416 εο
109 2376 207 2436 μενος
235 2356 381 2421 σταδίων
404 2354 642 2440 ἑβδομήκοντα·
671 2354 800 2439 εὐφυὴς
826 2355 890 2439 γὰρ
918 2351 1002 2438 &va
1030 2356 1131 2433 τόπος

110 2459 310 2547 ἐφεδρεῦσαι
332 2471 372 2548 τη
394 2484 430 2527 τε
453 2465 632 2545 Βαβυλῶνι
653 2462 710 2528 καί
731 2472 803 2538 ταίς
826 2462 894 2527 ἀνω
919 2463 1131 2547 σατραπείαις

108 2567 165 2633 καί
201 2568 303 2634 πάλιν
337 2577 378 2654 τῇ
417 2569 504 2634 κάτω
541 2571 654 2656 Συρίη
684 2569 741 2634 καὶ
771 2577 844 2645 ταῖς
874 2565 930 2633 ἀπ’
954 2568 1130 2652 Ανγάπτου

109 2674 355 2760 *σατραπείαις
396 2676 437 2741 οὐ
461 2677 527 2760 μὴν
550 2675 659 2740 πολύν
677 2699 715 2759 γε
732 2676 858 2760 χρόνον
876 2673 1001 2760 συνέβη
1020 2684 1164 2758 μείναιε

181 2832 206 2886 l.
233 2832 252 2886 2
284 2833 449 2957 συναχαχών
482 2831 512 2886 ἐκ
544 2839 600 2886 τῶν
632 2830 776 2901 φρουρίων
807 2832 873 2894 τοὺς
904 2833 1072 2900 στρατιώτας
1098 2831 1129 2886 1¹⁸.

109 2903 127 2959 δ
148 2900 326 2973 προεχόντων
370 2945 377 2959 .
426 2923 531 2972 τετταρ.
549 2903 580 2957 F.
652 2903 753 2972 δπερλ
770 2900 866 2973 χιλίων
883 2901 917 2957 Χ.
987 2903 1024 2957 11
1049 2919 1131 2971 στρα·

109 2983 214 3030 τιωτών
233 2992 286 3029 om.
301 2974 332 3028 F.
387 2974 423 3029 13
441 2971 656 3030 ἀπολελοιπέναι
672 2974 703 3029 F.
758 2974 794 3029 14
811 2973 890 3043 παρδι
907 2976 1083 3042 Πτολεμαῖον
1098 2973 1130 3031 F.

110 3046 145 3102 18
163 3045 213 3116 τὴν
233 3043 473 3115 όινομααμένην-
482 3043 534 3114 ἀφ’
547 3045 660 3117 ἑαυτοῦ]
675 3043 710 3114 ἣν
724 3042 971 3116 ὠνόμασεν-ἀφ’
983 3043 1085 3098 ἑαυτοῦ
1098 3044 1129 3099 F.

109 3114 293 3188 Ἀντιγόνειαν
329 3117 414 3171 Dind.
494 3117 531 3172 20
562 3115 693 3180 σταδίους
725 3117 755 3174 F.
836 3117 870 3172 21
904 3112 1070 3190 Βαβυλωνίᾳ
1098 3114 1129 3170 1¹⁸.

110 3189 153 3243 22.
167 3189 203 3244 22
221 3189 271 3244 καὶ
288 3185 619 3257 πάλιν-’σατραπείαις
637 3204 690 3243 om.
704 3187 737 3244 X.
779 3189 829 3244 καί
847 3191 881 3260 τῇ
898 3186 983 3242 πάλιν
1001 3186 1076 3241 κάτω
1096 3191 1129 3242 Σ

111 3258 194 3337 (Ἀσίᾳ
211 3259 326 3331 Reiske)
345 3260 378 3316 R.
423 3268 486 3322 ταῖς
508 3257 558 3313 ἀπ’
579 3259 724 3330 Αίχόπτου
746 3256 947 3327 *σατραπείαις
968 3256 1047 3326 libri;
1068 3266 1131 3321 vale

110 3331 174 3397 περὶ
199 3331 262 3402 Αίχ.
292 3328 473 3400 σατραπείαις
498 3330 615 3396 Βωὶελιθς
643 3339 705 3394 ταῖς
732 3329 782 3386 ἀπ’
806 3330 950 3400 Αίχόπτου
975 3326 1131 3399 στρατείαις

110 3400 203 3456 Madv.
222 3403 235 3456 I
257 3421 285 3472 p.
307 3409 372 3471 5143
402 3403 433 3457 in
456 3402 616 3458 litterarum
637 3402 766 3474 vestigiis
788 3402 904 3456 haerere
926 3417 983 3455 non
1006 3403 1135 3468 opertam

111 3471 171 3528 scil.
190 3488 214 3527 τ.
233 3474 308 3530 male
326 3491 361 3530 ex
380 3492 404 3528 v.
420 3480 453 3528 21
472 3474 639 3544 repetitum
657 3491 684 3531 ο.
697 3492 727 3546 g.
744 3473 911 3544 ἐφεδρείαν
930 3478 997 3529 τοῖο
1012 3469 1084 3529 νεεδ
1099 3467 1154 3525 ’δι’

107 3541 229 3598 Ἑλλάδα
245 3544 389 3616 πράγμασι
406 3544 530 3619 legimus
547 3545 604 3603 XX
621 3552 688 3617 104,
702 3553 731 3604 λ.
767 3565 804 3618 χε
821 3541 932 3599 <uss-

968 3634 1028 3692 W
