2460 3848
412 205 454 261 01.
465 211 525 273 ιιι,
536 210 565 259 οε
585 210 637 259 οιο
652 221 677 259 α.
688 204 750 260 Ohr.
1025 209 1089 274 209

72 353 209 440 έστρεψε
235 354 296 418 τὸν
318 355 406 436 βίον,
434 349 609 439 παραδόξῳ
635 350 852 433 ’συμπτώματι
879 351 1090 436 χρησάμενος.

72 460 108 527 ἐκ
140 462 204 546 γάρ
236 470 295 544 τῆς
326 459 488 542 Σινδικῆς
525 456 670 523 ἐπανιὼν
703 459 751 534 εἰς
786 459 848 543 τῆν
880 459 1006 523 οἰκείαν
1037 458 1127 523 καλ4

73 567 228 633 σπεύδων
251 569 334 653 πρός
357 590 432 631 τινα
458 567 586 631 θυσίαν
608 567 733 648 ῆλαυνε
759 564 821 647 μὲν
844 562 901 630 ἐπί
925 587 1016 642 τινος
1043 588 1093 630 τε-

71 677 225 760 θρίππου
253 675 337 760 πρὸς
364 674 404 738 τά
432 673 598 755 βασίλεια,
625 680 685 736 τοῦ
709 671 741 735 δ’
758 672 902 755 άρματος
924 672 1021 750 όντος
1043 695 1093 737 τε-

41 781 260 867 ετρακύκλου
292 779 348 845 καί
380 780 508 863 σκηνὴν
539 775 673 862 έχοντος
704 777 829 862 συνέβη
861 781 940 855 τοὺς
972 779 1094 856 ἵππους

73 887 356 976 διαταραχθέντας
390 884 573 969 ἐξενεγκεῖν
605 884 716 950 αύτόν.
768 895 829 950 τοῦ
861 887 924 969 γάρ
955 886 1094 970 ἡνιόχου

72 996 116 1079 μῆ
141 993 331 1077 δυναμένου
354 1003 514 1078 κρατῆσαι
536 1001 604 1057 τῶν
625 992 742 1075 ῆνιῦν,
765 993 931 1077 φοβηθείς
952 994 996 1077 μῆ
1020 1015 1095 1058 κατ-

19 1107 201 1187 εεεενεχθῆ
229 1102 313 1185 πρὸς
339 1102 398 1177 τάς
421 1099 608 1185 φάραγγας,
636 1096 848 1183 ἐπεχείρησεν
871 1098 1094 1185 ἀφάλλεσθαι·

74 1206 295 1290 ἐμπλακέντος
318 1206 356 1272 δὲ
377 1215 438 1271 τοῦ
462 1204 581 1288 ξίφους
609 1206 656 1281 είς
683 1206 743 1270 τὸν
772 1208 893 1291 τροχόν
921 1211 1095 1292 συνεφειλ-

30 1335 56 1376 ιο
73 1314 186 1398 κύσθη
209 1323 249 1399 τῆ
274 1320 364 1402 φορᾷ
386 1314 441 1378 καί
463 1322 661 1398 παραχρῆμα
684 1309 903 1397 ἐτελεύτησεν.

147 1420 234 1504 Περὶ
263 1421 301 1485 δὲ
330 1429 388 1504 τῆς
413 1430 482 1484 τῶν
510 1418 666 1504 ἀδελφῶν
693 1424 847 1504 τελευτῆς
873 1419 1033 1503 Εύμῆλου
1061 1442 1096 1484 τε
1106 1420 1148 1484 26

75 1527 130 1593 καί
152 1527 311 1612 Σατύρου
339 1525 584 1612 παραδέδονται
611 1526 766 1611 χρησμοί,
794 1526 914 1610 μικρὸν
940 1526 1002 1609 μὲν
1026 1527 1096 1609 ἠλι-

74 1634 247 1720 θιάτεροι,
277 1635 509 1716 πιστευόμενοι
539 1632 577 1698 δὲ
606 1634 696 1717 παρά
724 1643 795 1709 τοῖς
821 1630 1001 1719 ἐγχωρίοις.
1050 1644 1095 1719 τῷ

75 1741 137 1823 μὲν
166 1742 230 1827 γάρ
260 1741 403 1828 Σατύρφ
434 1739 570 1824 λέγουσι
598 1750 718 1824 χρῆσαι
747 1741 808 1804 τὸν
836 1741 922 1805 θεὸν
952 1738 1097 1824 φυλάξα-

31 1867 57 1908 ιε
77 1854 159 1913 σθαι
177 1849 237 1912 τὸν
255 1856 322 1929 μῦν
340 1844 457 1932 μήποτ’
474 1847 577 1913 αὐτὸν
596 1847 704 1937 άνέλη.
742 1847 858 1932 διόπερ
878 1847 954 1912 ούτε
973 1849 1097 1913 δοῦλον

77 1955 149 2020 οὔτ’
169 1952 352 2040 ἐλεύθερον
378 1966 447 2020 τῶν
473 1954 682 2038 τεταγμένον
704 1953 766 2038 ὑφ’
787 1950 907 2019 ἑαυτὸν
931 1954 982 2018 εἴα
1004 1950 1093 2019 τοῦτ’

77 2058 165 2146 ἐχειν
182 2062 342 2143 τούνομα·
367 2058 477 2127 ἔπειτα
496 2062 534 2127 δέ
556 2064 634 2139 τούς
658 2059 695 2127 ἐν
713 2069 785 2138 ταῖς
808 2061 927 2136 οίκίαις
949 2060 1004 2125 καλ
1026 2069 1099 2137 ταῖς

78 2167 237 2255 ἀρούραις
260 2167 414 2254 ἐφοβεῖτο
442 2177 506 2251 μῦς
532 2169 588 2235 καί
614 2178 685 2245 τολς
709 2167 825 2233 παισίν
848 2166 899 2232 ἀελ
923 2166 1098 2232 συνέταττε

77 2275 218 2352 τούτους
236 2275 444 2340 ἀποκτείνειν
462 2275 518 2340 καί
535 2277 594 2353 τάς
616 2277 728 2351 κοίτας
750 2272 954 2357 ἐμπλάττειν.
991 2273 1099 2339 πάντα

33 2402 60 2443 νο
79 2382 111 2446 δ’
128 2379 350 2466 ἐνδεχομένως
378 2381 482 2447 αὐτοῦ
509 2393 687 2459 ποιοῦντος
710 2372 760 2459 οἷς
784 2378 865 2471 χάετο
888 2380 1099 2465 κατισχύσειν

78 2490 116 2553 τὸ
153 2488 380 2573 πεπρωμένον,
419 2488 617 2574 κατέστρεψε
655 2490 715 2554 τὸν
752 2491 829 2572 βίον
865 2488 1001 2573 πληγείς
1038 2497 1099 2554 τοῦ

79 2597 258 2680 βραχίονος
287 2596 334 2672 είς
362 2596 423 2660 τὸν
452 2605 527 2677 μῦν.
577 2606 623 2684 τῷ
653 2596 686 2661 δ’
708 2595 853 2684 Εύμῆλφ
883 2598 1028 2680 χρησμὸς
1056 2593 1133 2680 ῆνε

79 2701 141 2785 τῆν
165 2699 354 2787 φερομένην
377 2703 487 2767 οἰκίαν
511 2701 732 2787 φυλάξασθαι.
772 2702 856 2768 ὅθεν
879 2702 980 2768 πάλιν
1003 2698 1100 2780 οὗτος

80 2809 128 2884 είς
156 2809 266 2873 οίκίαν
293 2808 355 2873 οῦκ
383 2805 487 2898 εἰσῄει
515 2810 699 2894 προχείροις
725 2809 769 2892 μῆ
799 2809 1100 2895 προδιερευνησάν-

151 3000 169 3054 2
193 2998 315 3071 Ἰνδικῆς
336 2999 387 3054 RX
416 3005 563 3072 Σκυθικῆς
582 3002 617 3067 F3
646 3017 714 3055 cort.
736 3000 826 3056 Weoe.
850 3001 896 3072 (cf.
920 3001 1038 3056 Mueller
1063 3002 1100 3054 εδ

79 3072 151 3127 Ptol.
166 3071 192 3124 V
207 3077 232 3139 8,
247 3079 277 3137 4;
296 3071 453 3141 Latysohev
471 3072 522 3128 l.1.
542 3090 570 3142 p.
584 3072 678 3140 Κεφ).
746 3072 764 3127 8
787 3074 950 3141 άφαλεσθαι
972 3075 1005 3142 (ε.
1021 3075 1057 3138 ε.)
1075 3073 1101 3125 R

81 3142 244 3212 ἀφάλεσθαι
268 3142 306 3213 Χ;
332 3144 352 3198 f.
376 3141 539 3212 ἀφαλέσθαι
571 3145 616 3214 (cf.
639 3143 851 3199 Winer-Schm.
877 3162 904 3213 p.
928 3149 992 3211 1243
1020 3143 1100 3197 Blass

80 3215 114 3270 N.
130 3214 176 3269 Gr.
195 3233 223 3284 p.
239 3217 292 3284 54).
356 3215 432 3277 θείς
450 3212 551 3285 τροχόν
569 3216 599 3269 F.
638 3216 849 3284 συνεφελκύσθη
868 3214 919 3269 RX
938 3216 1013 3281 quod
1032 3215 1101 3269 alio-

81 3287 151 3355 quin
177 3303 232 3341 non
261 3287 373 3357 repperi
406 3285 451 3356 (cf.
472 3286 685 3342 Winer-Schm.
708 3305 735 3356 p.
752 3292 786 3341 98
805 3303 829 3341 ε.
846 3293 875 3354 1;
901 3286 982 3340 ΒΙεεε
1004 3287 1038 3341 N.
1054 3286 1100 3342 Gr.

81 3376 108 3426 p.
133 3362 181 3425 563
208 3357 349 3413 Reinhold
378 3359 444 3412 dise.
470 3358 534 3412 Hal.
559 3357 624 3412 XIV
644 3376 671 3426 p.
692 3361 744 3428 67).
822 3358 858 3412 10
884 3356 1044 3429 παραχρῆμ’
1070 3359 1100 3412 F.

81 3428 124 3483 13.
139 3427 176 3484 14
193 3426 243 3485 τδν
316 3428 446 3498 Σάτυρον
459 3430 489 3482 F.
549 3428 585 3483 14
602 3428 764 3499 χρήσασθαι
776 3430 806 3482 F.
864 3429 901 3482 15
920 3429 1116 3494 μήποτε-ταυ-

81 3497 131 3555 εει
144 3499 178 3555 x,
219 3500 256 3556 ιο
270 3500 332 3555 ειη
345 3501 378 3554 x.
420 3501 454 3556 ιι
468 3500 806 3572 ιοιιιμαεεεειεεεε.
831 3495 1021 3553 εοεαε.
1047 3485 1142 3538 νεῦ-

81 3571 168 3632 W'F«
214 3570 252 3626 20
264 3569 320 3646 οἷς]
335 3572 421 3638 ὦεΧ.
449 3575 670 3650 κατισχύεινῖ.
713 3573 757 3629 Ἃ
769 3544 1169 3638 προδιεεὶῦθηωὼωῖ

121 3677 248 3721 Diodorus.
266 3681 292 3723 V.
977 3664 1026 3709 Ἃ
