2460 3848
430 180 584 249 01.117‚3=
604 187 656 236 310
671 198 695 237 κ.
707 181 769 236 chr.
858 213 861 221 -
1045 186 1106 251 181

92 345 164 393 σειν
193 327 374 393 κινδύνων·
406 328 439 392 ολ
468 323 499 391 δ’
517 323 690 411 Ἕλληνες,
720 330 750 393 εί
779 329 822 412 μη
854 327 1023 413 φθάσειαν
1052 339 1110 413 τῆς

91 435 199 520 χώρας
222 434 399 518 ἁψάμενοι,
421 433 642 520 προκειμένην
665 433 779 520 έώρων
798 433 911 512 αὑτοῖς
933 435 994 518 μὲν
1012 458 1110 518 τιμω-

93 545 179 626 ρίαν,
202 551 272 618 τοῖς
295 541 333 605 δὲ
354 545 628 626 καταλειφθεῖσιν
651 539 689 606 ἐν
712 541 791 629 οἴκφ
814 543 855 606 τά
876 551 934 626 τῆς
957 542 1110 620 δουλείας

91 648 193 714 δεινά.
247 647 486 733 καθορωμένης
522 647 559 712 δὲ
593 656 650 731 τῆς
681 648 811 732 Λιβύης
842 650 1144 733 παρακελευσμὸςκ

61 754 218 839 εέγίνετο
241 764 312 831 τοῖς
334 754 528 840 πληρώμασι
551 755 606 819 καλ
630 756 818 839 φιλοτιμίας
844 754 1027 842 ὑπερβολή·
1055 756 1111 820 καλ

91 863 205 947 τάχιον
227 862 290 945 μὲν
312 863 436 926 άπλεον
460 861 494 926 αλ
520 871 587 926 τών
614 861 804 947 βαρβάρων,
835 859 872 926 ἐν
899 864 1110 950 πολυχρονίῳ

91 969 207 1059 μελέτη
237 979 304 1034 τών
334 966 456 1054 ἐρετῶν
485 967 791 1052 διαπεπονημένων,
826 969 941 1034 ἱκανὸν
971 969 1009 1034 δὲ
1040 969 1110 1033 διά-

93 1091 197 1160 στημα
228 1084 385 1161 προεῖχον
418 1076 452 1140 αλ
482 1085 551 1140 τῶν
578 1072 756 1158 Ἑλλήνων.
809 1073 950 1153 ὀξύτατα
981 1075 1019 1140 δέ
1050 1085 1110 1141 τοῦ

92 1188 178 1247 πλοῦ
205 1181 462 1265 διανυσθέντος,
495 1179 607 1265 ἐπειδη
640 1183 782 1265 πλησίον
814 1179 1024 1266 ἐγενηθησαν
1053 1193 1112 1268 της

47 1313 74 1352 ιο
90 1300 166 1374 γης,
194 1286 432 1366 συνεξέπιπτον
460 1288 614 1373 ἀλλήλοις
641 1289 689 1365 είς
711 1289 771 1353 τὸν
794 1290 947 1372 αἰγιαλὸν
970 1290 1114 1373 ὡσπερεί

91 1419 179 1473 τινες
206 1395 397 1479 άγωνισταί·
426 1405 498 1471 ταῖς
524 1396 587 1478 γάρ
612 1393 762 1479 ἐσχάταις
784 1405 851 1461 τών
871 1394 1145 1480 Ἀγαθοκλέουςε

93 1504 127 1568 αἱ
153 1512 281 1588 πρώται
307 1512 375 1567 τῶν
398 1501 641 1587 Καρχηδονίων
664 1499 844 1584 ἐνέβαλλον
872 1499 967 1578 ἐντὸς
993 1501 1112 1584 βέλους

93 1603 198 1675 οὖσαι.
249 1609 365 1693 διόπερ
396 1605 447 1672 ἐπ’
471 1607 587 1692 ὀλίγον
613 1611 737 1692 χρόνον
764 1618 834 1687 τοῖς
861 1631 896 1674 τε
923 1606 1031 1686 τόξοις
1056 1610 1112 1674 καλ

39 1716 300 1802 41οσφενδόναις
318 1713 611 1798 διαγωνισαμένων
630 1713 741 1782 αὐτῶν
761 1717 817 1781 καλ
839 1716 961 1782 ναυσὶν
985 1716 1112 1801 ὀλίγαις

48 1844 74 1885 ιε
92 1835 159 1889 τών
181 1821 361 1909 βαρβάρων
385 1821 643 1904 συμπλακέντων
666 1824 698 1887 οἱ
725 1823 801 1908 περί
829 1824 888 1888 τὸν
908 1821 1112 1908 Ἀγαθοκλέα

92 1929 306 2015 προετέρουν,
328 1931 366 1994 τὸ
390 1939 457 1994 τῶν
480 1939 689 2013 στρατιωτῶν
712 1925 843 2013 ἔχοντες
866 1935 1004 2015 πλῆθος.
1042 1925 1107 1997 εόθ’

94 2039 126 2102 ολ
153 2037 214 2121 μὲν
241 2036 468 2122 Καρχηδόνιοι
495 2036 651 2120 πρύμναν
679 2035 965 2120 ἀνακρουσάμενοι
993 2039 1112 2122 μικρὸν

94 2141 154 2222 ἔξω
173 2143 292 2226 βέλους
311 2141 501 2229 ἐφώρμουν,
522 2142 539 2208 ὁ
559 2142 589 2207 δ’
602 2139 810 2228 Ἀγαθοκλῆς
828 2143 1033 2227 ἀποβιβάσας
1050 2145 1112 2228 την

94 2251 239 2333 δύναμιν
255 2251 339 2336 πρὸς
356 2253 414 2327 τάς
432 2249 638 2332 καλουμένας
651 2251 819 2333 Λατομίας
836 2250 892 2315 καὶ
909 2250 1035 2335 χάρακα
1053 2254 1112 2333 βα-

49 2379 76 2420 εο
95 2359 232 2440 λόμενος
250 2355 287 2422 ἐκ
304 2356 472 2441 θαλάττης
490 2359 537 2434 είς
555 2357 726 2423 θάλατταν
745 2355 927 2441 ἐνεώλκησε
945 2358 1003 2434 τάς
1020 2366 1111 2435 ναῦς.

168 2463 263 2529 Ούτω
288 2464 325 2529 δὲ
347 2464 540 2548 παράβολον
563 2462 832 2547 ἐπιτελεσάμενος
853 2461 984 2550 πρᾶξιν,
1008 2465 1150 2548 άλληνλ

94 2569 252 2655 ἐτόλμησε
274 2571 395 2655 ταύτης
412 2575 539 2653 μᾶλλον
557 2571 867 2655 κεκινδυνευμένην.
904 2571 1112 2657 παραστησά-

94 2701 193 2761 μενος
221 2679 285 2762 γάρ
314 2680 393 2755 τοὺς
422 2675 460 2742 ἐν
489 2677 680 2761 ἡγεμονίαις
708 2679 807 2754 όντας
835 2677 1003 2756 εὐπειθεῖς
1030 2681 1113 2763 πρὸς

93 2787 155 2869 την
180 2784 270 2851 λδίαν
296 2782 456 2868 ἐπιβολὴν
480 2783 535 2849 καλ
563 2785 690 2849 θυσίαν
717 2784 938 2868 ποιησάμενος
960 2789 1112 2870 Δήμητρι

50 2912 76 2951 ει
93 2892 149 2956 καλ
170 2894 264 2980 Κόρη
289 2894 477 2975 συνήγαγεν
500 2888 676 2974 ἐκκλησίαν
699 2891 835 2955 κάπειτα
858 2893 1036 2977 προελθὼν
1059 2890 1147 2957 ἐπλκ

95 3000 156 3083 την
174 2998 381 3083 δημηγορίαν
404 2995 674 3082 ἐστεφανωμένος
696 2995 734 3062 ἐν
758 2998 873 3085 ίματίφ
896 3003 1034 3083 λαμπρῷ
1058 2997 1113 3062 καὶ

95 3106 349 3192 προδιαλεχθεὶς
376 3106 504 3183 οἰκείως
531 3114 601 3182 τοῖς
629 3103 891 3191 ἐγχειρουμένοις
916 3101 1019 3189 έφησε
1042 3114 1113 3180 ταῖς

166 3264 182 3316 l
203 3262 347 3329 φθάσαιεν
365 3263 395 3318 F.
465 3262 483 3317 2
501 3264 597 3324 αύτολς
614 3261 647 3316 X.
715 3262 751 3317 14
770 3262 972 3331 σφενδονήταις
989 3262 1014 3314 R
1032 3265 1111 3329 (corr.

97 3341 119 3387 1.
136 3337 183 3402 m.)
202 3333 235 3387 X.
296 3334 330 3388 1ss
348 3331 515 3402 ἐπροτέρουν
533 3334 622 3388 Wess.
684 3333 719 3388 1⁰
738 3331 891 3402 Λαιτομίας
909 3332 946 3398 X3
966 3332 1000 3387 cf.
1020 3332 1111 3388 Strab.

96 3403 173 3458 XVII
191 3411 279 3472 3,16;
304 3406 421 3460 Meltzer
438 3407 451 3458 I
469 3423 496 3474 p.
511 3411 572 3459 464.
627 3402 794 3475 βαλλόμενος
818 3405 847 3458 F.
921 3404 955 3458 21
979 3400 1062 3463 οὗτος
1082 3405 1122 3463 λίς

97 3482 252 3600 τρηχοι,
289 3475 524 3550 ἐπιτελεσάμενος]
539 3475 751 3548 ἀγωνισάμενος
764 3472 975 3530 mmmm&
1017 3471 1069 3520 Ἃ
1079 3473 1141 3514 θυ-

97 3563 160 3608 σιας
198 3589 204 3601 .
