<?xml version="1.0" encoding="UTF-8"?>
<!DOCTYPE html PUBLIC "-//W3C//DTD XHTML 1.0 Transitional//EN"
    "http://www.w3.org/TR/xhtml1/DTD/xhtml1-transitional.dtd">
<html xmlns="http://www.w3.org/1999/xhtml" xml:lang="en" lang="en">
 <head>
  <title>
</title>
<meta http-equiv="Content-Type" content="text/html;charset=utf-8" />
  <meta name='ocr-system' content='tesseract 3.04.00' />
  <meta name='ocr-capabilities' content='ocr_page ocr_carea ocr_par ocr_line ocrx_word'/>
</head>
<body>
  <div class='ocr_page' id='page_1' title='image "./diodoribiblioth00vogegoog/diodoribiblioth00vogegoog_0023.png"; bbox 0 0 2460 3848; ppageno 0'>
   <div class='ocr_carea' id='block_1_1' title="bbox 75 215 1096 834">
    <p class='ocr_par' dir='ltr' id='par_1_1' title="bbox 75 215 713 271">
     <span class='ocr_line' id='line_1_1' title="bbox 75 215 713 271; baseline 0.005 -3"><span class='ocrx_word' id='word_1_1' title='bbox 75 216 165 270; x_wconf 85' lang='lat' dir='ltr'>XVIII</span> <span class='ocrx_word' id='word_1_2' title='bbox 451 215 713 271; x_wconf 78' lang='lat' dir='ltr'><strong>ARGUMENTUM</strong></span> 
     </span>
    </p>

    <p class='ocr_par' dir='ltr' id='par_1_2' title="bbox 75 307 128 356">
     <span class='ocr_line' id='line_1_2' title="bbox 75 307 128 356; baseline 0.038 -10"><span class='ocrx_word' id='word_1_3' title='bbox 75 307 128 356; x_wconf 83' lang='lat' dir='ltr'>Cap.</span> 
     </span>
    </p>

    <p class='ocr_par' dir='ltr' id='par_1_3' title="bbox 76 377 1096 688">
     <span class='ocr_line' id='line_1_3' title="bbox 76 377 1095 446; baseline 0.001 -15"><span class='ocrx_word' id='word_1_4' title='bbox 76 383 117 432; x_wconf 76' lang='lat'>79.</span> <span class='ocrx_word' id='word_1_5' title='bbox 146 377 221 431; x_wconf 90' lang='lat' dir='ltr'>Dum</span> <span class='ocrx_word' id='word_1_6' title='bbox 238 377 405 431; x_wconf 75' lang='lat' dir='ltr'>Dinocrates</span> <span class='ocrx_word' id='word_1_7' title='bbox 430 379 592 444; x_wconf 73' lang='lat' dir='ltr'>cunctatur,</span> <span class='ocrx_word' id='word_1_8' title='bbox 617 396 634 431; x_wconf 91' lang='lat' dir='ltr'>a</span> <span class='ocrx_word' id='word_1_9' title='bbox 653 377 890 446; x_wconf 78' lang='lat' dir='ltr'>Syracusanorum</span> <span class='ocrx_word' id='word_1_10' title='bbox 920 378 1095 432; x_wconf 74' lang='lat' dir='ltr'>democratia</span> 
     </span>
     <span class='ocr_line' id='line_1_4' title="bbox 182 457 1094 527; baseline 0 -16"><span class='ocrx_word' id='word_1_11' title='bbox 182 457 348 526; x_wconf 84' lang='lat' dir='ltr'>accipienda</span> <span class='ocrx_word' id='word_1_12' title='bbox 374 457 495 525; x_wconf 91' lang='lat' dir='ltr'>alienus,</span> <span class='ocrx_word' id='word_1_13' title='bbox 528 458 726 527; x_wconf 83' lang='lat' dir='ltr'>gravioresque</span> <span class='ocrx_word' id='word_1_14' title='bbox 756 458 877 526; x_wconf 91' lang='lat' dir='ltr'>imponit</span> <span class='ocrx_word' id='word_1_15' title='bbox 909 457 1094 526; x_wconf 87' lang='lat' dir='ltr'>conditiones,</span> 
     </span>
     <span class='ocr_line' id='line_1_5' title="bbox 182 537 1096 608; baseline 0.002 -17"><span class='ocrx_word' id='word_1_16' title='bbox 182 537 354 608; x_wconf 86' lang='lat' dir='ltr'>Agathocles</span> <span class='ocrx_word' id='word_1_17' title='bbox 373 541 482 592; x_wconf 91' lang='lat' dir='ltr'>mutato</span> <span class='ocrx_word' id='word_1_18' title='bbox 507 537 624 592; x_wconf 91' lang='lat' dir='ltr'>oonsilio</span> <span class='ocrx_word' id='word_1_19' title='bbox 648 538 742 593; x_wconf 84' lang='lat' dir='ltr'>exules</span> <span class='ocrx_word' id='word_1_20' title='bbox 768 539 798 593; x_wconf 91' lang='lat' dir='ltr'>in</span> <span class='ocrx_word' id='word_1_21' title='bbox 817 539 1004 593; x_wconf 86' lang='lat' dir='ltr'>Dinocratem</span> <span class='ocrx_word' id='word_1_22' title='bbox 1017 538 1096 593; x_wconf 91' lang='lat' dir='ltr'>solli-</span> 
     </span>
     <span class='ocr_line' id='line_1_6' title="bbox 184 618 900 688; baseline 0 -16"><span class='ocrx_word' id='word_1_23' title='bbox 184 619 254 672; x_wconf 89' lang='lat' dir='ltr'>citat</span> <span class='ocrx_word' id='word_1_24' title='bbox 273 620 301 672; x_wconf 90' lang='lat' dir='ltr'>et</span> <span class='ocrx_word' id='word_1_25' title='bbox 320 636 383 672; x_wconf 86' lang='lat' dir='ltr'>curn</span> <span class='ocrx_word' id='word_1_26' title='bbox 403 618 684 687; x_wconf 77' lang='lat' dir='ltr'>Carthaginiensibus</span> <span class='ocrx_word' id='word_1_27' title='bbox 702 635 803 688; x_wconf 89' lang='lat' dir='ltr'>pacem</span> <span class='ocrx_word' id='word_1_28' title='bbox 822 619 900 672; x_wconf 90' lang='lat' dir='ltr'>facit.</span> 
     </span>
    </p>

    <p class='ocr_par' dir='ltr' id='par_1_4' title="bbox 76 698 1096 834">
     <span class='ocr_line' id='line_1_7' title="bbox 76 698 1096 769; baseline 0.001 -16"><span class='ocrx_word' id='word_1_29' title='bbox 76 705 119 753; x_wconf 89' lang='lat'>80.</span> <span class='ocrx_word' id='word_1_30' title='bbox 148 698 265 752; x_wconf 87' lang='lat' dir='ltr'>Silvium</span> <span class='ocrx_word' id='word_1_31' title='bbox 284 699 431 753; x_wconf 90' lang='lat' dir='ltr'>castellum</span> <span class='ocrx_word' id='word_1_32' title='bbox 444 699 565 752; x_wconf 91' lang='lat' dir='ltr'>Romani</span> <span class='ocrx_word' id='word_1_33' title='bbox 585 700 713 767; x_wconf 88' lang='lat' dir='ltr'>capiunt,</span> <span class='ocrx_word' id='word_1_34' title='bbox 733 698 877 753; x_wconf 88' lang='lat' dir='ltr'>Samnium</span> <span class='ocrx_word' id='word_1_35' title='bbox 891 699 952 769; x_wconf 83' lang='lat' dir='ltr'>igni</span> <span class='ocrx_word' id='word_1_36' title='bbox 965 699 1096 768; x_wconf 87' lang='lat' dir='ltr'>ferroque</span> 
     </span>
     <span class='ocr_line' id='line_1_8' title="bbox 182 781 301 834; baseline 0.017 -3"><span class='ocrx_word' id='word_1_37' title='bbox 182 781 301 834; x_wconf 85' lang='lat' dir='ltr'>vastant.</span> 
     </span>
    </p>
   </div>
   <div class='ocr_carea' id='block_1_2' title="bbox 415 893 755 961">
    <p class='ocr_par' dir='ltr' id='par_1_5' title="bbox 415 893 755 961">
     <span class='ocr_line' id='line_1_9' title="bbox 415 893 755 961; baseline 0.003 -13"><span class='ocrx_word' id='word_1_38' title='bbox 415 893 457 948; x_wconf 80' lang='lat' dir='ltr'>ot</span> <span class='ocrx_word' id='word_1_39' title='bbox 474 899 636 961; x_wconf 52' lang='lat' dir='ltr'>maneos</span> <span class='ocrx_word' id='word_1_40' title='bbox 652 910 676 949; x_wconf 86' lang='lat' dir='ltr'>a.</span> <span class='ocrx_word' id='word_1_41' title='bbox 692 895 755 949; x_wconf 81' lang='lat' dir='ltr'>chr.</span> 
     </span>
    </p>
   </div>
   <div class='ocr_carea' id='block_1_3' title="bbox 77 982 1101 2563">
    <p class='ocr_par' dir='ltr' id='par_1_6' title="bbox 77 982 1096 1132">
     <span class='ocr_line' id='line_1_10' title="bbox 77 982 1096 1055; baseline 0 -16"><span class='ocrx_word' id='word_1_42' title='bbox 77 991 119 1040; x_wconf 86' lang='lat'>81.</span> <span class='ocrx_word' id='word_1_43' title='bbox 149 985 308 1055; x_wconf 85' lang='lat' dir='ltr'>Antigonus</span> <span class='ocrx_word' id='word_1_44' title='bbox 328 984 465 1038; x_wconf 87' lang='lat' dir='ltr'>sollicitus</span> <span class='ocrx_word' id='word_1_45' title='bbox 485 986 528 1038; x_wconf 91' lang='lat' dir='ltr'>est</span> <span class='ocrx_word' id='word_1_46' title='bbox 552 984 586 1037; x_wconf 88' lang='lat' dir='ltr'>de</span> <span class='ocrx_word' id='word_1_47' title='bbox 605 982 779 1039; x_wconf 83' lang='lat' dir='ltr'>Rhodiorum</span> <span class='ocrx_word' id='word_1_48' title='bbox 798 985 913 1039; x_wconf 89' lang='lat' dir='ltr'>civitate</span> <span class='ocrx_word' id='word_1_49' title='bbox 935 987 1003 1038; x_wconf 90' lang='lat' dir='ltr'>tuno</span> <span class='ocrx_word' id='word_1_50' title='bbox 1027 1002 1096 1053; x_wconf 90' lang='lat' dir='ltr'>opu·</span> 
     </span>
     <span class='ocr_line' id='line_1_11' title="bbox 183 1063 764 1132; baseline 0 -14"><span class='ocrx_word' id='word_1_51' title='bbox 183 1065 352 1131; x_wconf 88' lang='lat' dir='ltr'>lentissima,</span> <span class='ocrx_word' id='word_1_52' title='bbox 371 1082 444 1132; x_wconf 87' lang='lat' dir='ltr'>quae</span> <span class='ocrx_word' id='word_1_53' title='bbox 463 1063 623 1118; x_wconf 88' lang='lat' dir='ltr'>Ptolemaeo</span> <span class='ocrx_word' id='word_1_54' title='bbox 642 1064 764 1118; x_wconf 84' lang='lat' dir='ltr'>favebat.</span> 
     </span>
    </p>

    <p class='ocr_par' dir='ltr' id='par_1_7' title="bbox 77 1144 1095 1280">
     <span class='ocr_line' id='line_1_12' title="bbox 77 1144 1095 1214; baseline -0.001 -14"><span class='ocrx_word' id='word_1_55' title='bbox 77 1151 119 1200; x_wconf 78' lang='lat'>82.</span> <span class='ocrx_word' id='word_1_56' title='bbox 149 1146 308 1214; x_wconf 83' lang='lat' dir='ltr'>Antigonus</span> <span class='ocrx_word' id='word_1_57' title='bbox 327 1145 445 1198; x_wconf 83' lang='lat' dir='ltr'>Rhodiis</span> <span class='ocrx_word' id='word_1_58' title='bbox 464 1161 548 1198; x_wconf 84' lang='lat' dir='ltr'>naves</span> <span class='ocrx_word' id='word_1_59' title='bbox 574 1147 602 1198; x_wconf 91' lang='lat' dir='ltr'>et</span> <span class='ocrx_word' id='word_1_60' title='bbox 621 1144 728 1199; x_wconf 87' lang='lat' dir='ltr'>auxilia</span> <span class='ocrx_word' id='word_1_61' title='bbox 753 1146 874 1214; x_wconf 90' lang='lat' dir='ltr'>imperat</span> <span class='ocrx_word' id='word_1_62' title='bbox 896 1145 997 1212; x_wconf 84' lang='lat' dir='ltr'>hisque</span> <span class='ocrx_word' id='word_1_63' title='bbox 1016 1161 1095 1199; x_wconf 86' lang='lat' dir='ltr'>recu-</span> 
     </span>
     <span class='ocr_line' id='line_1_13' title="bbox 184 1225 996 1280; baseline -0.004 -1"><span class='ocrx_word' id='word_1_64' title='bbox 184 1225 252 1280; x_wconf 88' lang='lat' dir='ltr'>satis</span> <span class='ocrx_word' id='word_1_65' title='bbox 271 1225 375 1279; x_wconf 90' lang='lat' dir='ltr'>bellum</span> <span class='ocrx_word' id='word_1_66' title='bbox 395 1225 488 1279; x_wconf 87' lang='lat' dir='ltr'>infert.</span> <span class='ocrx_word' id='word_1_67' title='bbox 993 1262 996 1266; x_wconf 20' lang='grc' dir='ltr'><strong>Δ</strong></span> 
     </span>
    </p>

    <p class='ocr_par' dir='ltr' id='par_1_8' title="bbox 77 1305 1095 1456">
     <span class='ocr_line' id='line_1_14' title="bbox 77 1305 1095 1374; baseline 0.001 -14"><span class='ocrx_word' id='word_1_68' title='bbox 77 1312 120 1361; x_wconf 83' lang='lat'>83.</span> <span class='ocrx_word' id='word_1_69' title='bbox 148 1307 308 1361; x_wconf 88' lang='lat' dir='ltr'>Demetrius</span> <span class='ocrx_word' id='word_1_70' title='bbox 332 1305 466 1374; x_wconf 87' lang='lat' dir='ltr'>appulsus</span> <span class='ocrx_word' id='word_1_71' title='bbox 493 1308 585 1360; x_wconf 89' lang='lat' dir='ltr'>castra</span> <span class='ocrx_word' id='word_1_72' title='bbox 608 1307 700 1360; x_wconf 91' lang='lat' dir='ltr'>munit</span> <span class='ocrx_word' id='word_1_73' title='bbox 725 1308 754 1360; x_wconf 90' lang='lat' dir='ltr'>et</span> <span class='ocrx_word' id='word_1_74' title='bbox 782 1306 891 1374; x_wconf 83' lang='lat' dir='ltr'>piratas</span> <span class='ocrx_word' id='word_1_75' title='bbox 917 1306 1031 1374; x_wconf 83' lang='lat' dir='ltr'>expedit</span> <span class='ocrx_word' id='word_1_76' title='bbox 1058 1307 1095 1361; x_wconf 88' lang='lat' dir='ltr'>ad</span> 
     </span>
     <span class='ocr_line' id='line_1_15' title="bbox 183 1386 647 1456; baseline 0 -16"><span class='ocrx_word' id='word_1_77' title='bbox 183 1386 380 1456; x_wconf 88' lang='lat' dir='ltr'>praedandum</span> <span class='ocrx_word' id='word_1_78' title='bbox 399 1389 428 1439; x_wconf 92' lang='lat' dir='ltr'>et</span> <span class='ocrx_word' id='word_1_79' title='bbox 446 1386 647 1454; x_wconf 91' lang='lat' dir='ltr'>populandum.</span> 
     </span>
    </p>

    <p class='ocr_par' dir='ltr' id='par_1_9' title="bbox 78 1465 1097 1696">
     <span class='ocr_line' id='line_1_16' title="bbox 78 1465 1097 1535; baseline -0.002 -13"><span class='ocrx_word' id='word_1_80' title='bbox 78 1473 119 1522; x_wconf 82' lang='grc'>84.</span> <span class='ocrx_word' id='word_1_81' title='bbox 149 1467 253 1520; x_wconf 82' lang='lat' dir='ltr'>Rhodii</span> <span class='ocrx_word' id='word_1_82' title='bbox 280 1466 374 1519; x_wconf 89' lang='lat' dir='ltr'>missis</span> <span class='ocrx_word' id='word_1_83' title='bbox 398 1466 434 1519; x_wconf 88' lang='lat' dir='ltr'>ad</span> <span class='ocrx_word' id='word_1_84' title='bbox 453 1466 659 1534; x_wconf 84' lang='lat' dir='ltr'>Ptolemaeum,</span> <span class='ocrx_word' id='word_1_85' title='bbox 685 1467 897 1535; x_wconf 85' lang='lat' dir='ltr'>Lysimachum,</span> <span class='ocrx_word' id='word_1_86' title='bbox 924 1465 1097 1521; x_wconf 83' lang='lat' dir='ltr'>Casandrum</span> 
     </span>
     <span class='ocr_line' id='line_1_17' title="bbox 185 1545 1097 1616; baseline 0.002 -17"><span class='ocrx_word' id='word_1_87' title='bbox 185 1546 288 1616; x_wconf 88' lang='lat' dir='ltr'>legatis</span> <span class='ocrx_word' id='word_1_88' title='bbox 308 1562 402 1601; x_wconf 90' lang='lat' dir='ltr'>eorum</span> <span class='ocrx_word' id='word_1_89' title='bbox 423 1545 530 1600; x_wconf 86' lang='lat' dir='ltr'>auxilia</span> <span class='ocrx_word' id='word_1_90' title='bbox 553 1547 712 1616; x_wconf 71' lang='lat' dir='ltr'>requirunt,</span> <span class='ocrx_word' id='word_1_91' title='bbox 737 1548 876 1615; x_wconf 87' lang='lat' dir='ltr'>apparant</span> <span class='ocrx_word' id='word_1_92' title='bbox 900 1547 998 1615; x_wconf 88' lang='lat' dir='ltr'>etiam,</span> <span class='ocrx_word' id='word_1_93' title='bbox 1023 1563 1097 1616; x_wconf 89' lang='lat' dir='ltr'>quae</span> 
     </span>
     <span class='ocr_line' id='line_1_18' title="bbox 185 1625 961 1696; baseline -0.001 -15"><span class='ocrx_word' id='word_1_94' title='bbox 185 1627 222 1681; x_wconf 86' lang='lat' dir='ltr'>ad</span> <span class='ocrx_word' id='word_1_95' title='bbox 241 1626 477 1696; x_wconf 83' lang='lat' dir='ltr'>propugnandam</span> <span class='ocrx_word' id='word_1_96' title='bbox 495 1625 593 1681; x_wconf 90' lang='lat' dir='ltr'>urbem</span> <span class='ocrx_word' id='word_1_97' title='bbox 613 1628 767 1682; x_wconf 87' lang='lat' dir='ltr'>conducere</span> <span class='ocrx_word' id='word_1_98' title='bbox 785 1625 961 1680; x_wconf 80' lang='lat' dir='ltr'>videbantur.</span> 
     </span>
    </p>

    <p class='ocr_par' dir='ltr' id='par_1_10' title="bbox 78 1707 864 1776">
     <span class='ocr_line' id='line_1_19' title="bbox 78 1707 864 1776; baseline -0.003 -14"><span class='ocrx_word' id='word_1_99' title='bbox 78 1713 120 1762; x_wconf 80' lang='lat' dir='ltr'>et.</span> <span class='ocrx_word' id='word_1_100' title='bbox 150 1707 288 1761; x_wconf 86' lang='lat' dir='ltr'>Demetrii</span> <span class='ocrx_word' id='word_1_101' title='bbox 308 1709 470 1774; x_wconf 85' lang='lat' dir='ltr'>apparatus.</span> <span class='ocrx_word' id='word_1_102' title='bbox 507 1707 750 1776; x_wconf 86' lang='lat' dir='ltr'>Propugnatorum</span> <span class='ocrx_word' id='word_1_103' title='bbox 770 1723 864 1776; x_wconf 87' lang='lat' dir='ltr'>opera.</span> 
     </span>
    </p>

    <p class='ocr_par' dir='ltr' id='par_1_11' title="bbox 79 1785 971 1857">
     <span class='ocr_line' id='line_1_20' title="bbox 79 1785 971 1857; baseline -0.001 -14"><span class='ocrx_word' id='word_1_104' title='bbox 79 1795 122 1843; x_wconf 85' lang='lat'>86.</span> <span class='ocrx_word' id='word_1_105' title='bbox 142 1793 185 1842; x_wconf 76' lang='lat'>87.</span> <span class='ocrx_word' id='word_1_106' title='bbox 214 1787 294 1840; x_wconf 90' lang='lat' dir='ltr'>Prior</span> <span class='ocrx_word' id='word_1_107' title='bbox 312 1785 449 1840; x_wconf 86' lang='lat' dir='ltr'>Demetrii</span> <span class='ocrx_word' id='word_1_108' title='bbox 468 1787 589 1856; x_wconf 89' lang='lat' dir='ltr'>impetus</span> <span class='ocrx_word' id='word_1_109' title='bbox 608 1788 789 1857; x_wconf 86' lang='lat' dir='ltr'>propulsatus</span> <span class='ocrx_word' id='word_1_110' title='bbox 809 1803 826 1840; x_wconf 91' lang='lat' dir='ltr'>a</span> <span class='ocrx_word' id='word_1_111' title='bbox 844 1787 971 1842; x_wconf 87' lang='lat' dir='ltr'>Rhodiis.</span> 
     </span>
    </p>

    <p class='ocr_par' dir='ltr' id='par_1_12' title="bbox 78 1866 1099 2164">
     <span class='ocr_line' id='line_1_21' title="bbox 78 1866 1099 1938; baseline 0 -15"><span class='ocrx_word' id='word_1_112' title='bbox 78 1875 121 1923; x_wconf 84' lang='lat'>88.</span> <span class='ocrx_word' id='word_1_113' title='bbox 149 1868 254 1923; x_wconf 90' lang='lat' dir='ltr'>Iterum</span> <span class='ocrx_word' id='word_1_114' title='bbox 268 1866 427 1921; x_wconf 88' lang='lat' dir='ltr'>Demetrius</span> <span class='ocrx_word' id='word_1_115' title='bbox 447 1869 549 1921; x_wconf 88' lang='lat' dir='ltr'>amari</span> <span class='ocrx_word' id='word_1_116' title='bbox 563 1869 734 1938; x_wconf 83' lang='lat' dir='ltr'>aggreditur.</span> <span class='ocrx_word' id='word_1_117' title='bbox 770 1867 913 1921; x_wconf 86' lang='lat' dir='ltr'>Acerrime</span> <span class='ocrx_word' id='word_1_118' title='bbox 932 1866 1099 1923; x_wconf 84' lang='lat' dir='ltr'>obnituntur</span> 
     </span>
     <span class='ocr_line' id='line_1_22' title="bbox 185 1947 1099 2018; baseline 0.001 -17"><span class='ocrx_word' id='word_1_119' title='bbox 185 1947 296 2002; x_wconf 83' lang='lat' dir='ltr'>Rhodii.</span> <span class='ocrx_word' id='word_1_120' title='bbox 325 1947 452 2001; x_wconf 82' lang='lat' dir='ltr'>Emissae</span> <span class='ocrx_word' id='word_1_121' title='bbox 461 1947 634 2003; x_wconf 91' lang='lat' dir='ltr'>Rhodiorum</span> <span class='ocrx_word' id='word_1_122' title='bbox 650 1964 734 2002; x_wconf 86' lang='lat' dir='ltr'>naves</span> <span class='ocrx_word' id='word_1_123' title='bbox 748 1964 852 2018; x_wconf 87' lang='lat' dir='ltr'>magna</span> <span class='ocrx_word' id='word_1_124' title='bbox 866 1947 946 2001; x_wconf 90' lang='lat' dir='ltr'>clade</span> <span class='ocrx_word' id='word_1_125' title='bbox 960 1948 1099 2002; x_wconf 89' lang='lat' dir='ltr'>Demetrii</span> 
     </span>
     <span class='ocr_line' id='line_1_23' title="bbox 185 2027 1099 2098; baseline 0 -16"><span class='ocrx_word' id='word_1_126' title='bbox 185 2027 303 2082; x_wconf 86' lang='lat' dir='ltr'>classem</span> <span class='ocrx_word' id='word_1_127' title='bbox 318 2027 455 2094; x_wconf 84' lang='lat' dir='ltr'>afficiunt,</span> <span class='ocrx_word' id='word_1_128' title='bbox 468 2029 638 2096; x_wconf 88' lang='lat' dir='ltr'>tempestate</span> <span class='ocrx_word' id='word_1_129' title='bbox 648 2031 795 2098; x_wconf 87' lang='lat' dir='ltr'>praeterea</span> <span class='ocrx_word' id='word_1_130' title='bbox 810 2043 980 2096; x_wconf 89' lang='lat' dir='ltr'>oppressam.</span> <span class='ocrx_word' id='word_1_131' title='bbox 1008 2027 1099 2082; x_wconf 92' lang='lat' dir='ltr'>Simul</span> 
     </span>
     <span class='ocr_line' id='line_1_24' title="bbox 185 2107 942 2164; baseline -0.001 -1"><span class='ocrx_word' id='word_1_132' title='bbox 185 2109 293 2163; x_wconf 84' lang='lat' dir='ltr'>Cnossii</span> <span class='ocrx_word' id='word_1_133' title='bbox 312 2110 340 2162; x_wconf 93' lang='lat' dir='ltr'>et</span> <span class='ocrx_word' id='word_1_134' title='bbox 358 2107 536 2162; x_wconf 85' lang='lat' dir='ltr'>Ptolemaeus</span> <span class='ocrx_word' id='word_1_135' title='bbox 555 2109 673 2164; x_wconf 83' lang='lat' dir='ltr'>Rhodiis</span> <span class='ocrx_word' id='word_1_136' title='bbox 694 2107 800 2162; x_wconf 85' lang='lat' dir='ltr'>auxilio</span> <span class='ocrx_word' id='word_1_137' title='bbox 819 2108 942 2162; x_wconf 90' lang='lat' dir='ltr'>veniunt.</span> 
     </span>
    </p>

    <p class='ocr_par' dir='ltr' id='par_1_13' title="bbox 80 2187 1100 2403">
     <span class='ocr_line' id='line_1_25' title="bbox 80 2187 1100 2260; baseline -0.002 -15"><span class='ocrx_word' id='word_1_138' title='bbox 80 2197 122 2245; x_wconf 83' lang='lat'>89.</span> <span class='ocrx_word' id='word_1_139' title='bbox 152 2188 323 2260; x_wconf 86' lang='lat' dir='ltr'>Agathocles</span> <span class='ocrx_word' id='word_1_140' title='bbox 338 2189 368 2242; x_wconf 90' lang='lat' dir='ltr'>in</span> <span class='ocrx_word' id='word_1_141' title='bbox 383 2187 480 2242; x_wconf 87' lang='lat' dir='ltr'>Sicilia</span> <span class='ocrx_word' id='word_1_142' title='bbox 495 2187 600 2242; x_wconf 90' lang='lat' dir='ltr'>bellurn</span> <span class='ocrx_word' id='word_1_143' title='bbox 614 2189 644 2242; x_wconf 92' lang='lat' dir='ltr'>in</span> <span class='ocrx_word' id='word_1_144' title='bbox 653 2189 834 2244; x_wconf 89' lang='lat' dir='ltr'>Dinocratem</span> <span class='ocrx_word' id='word_1_145' title='bbox 849 2189 970 2243; x_wconf 87' lang='lat' dir='ltr'>renovat.</span> <span class='ocrx_word' id='word_1_146' title='bbox 999 2188 1100 2258; x_wconf 90' lang='lat' dir='ltr'>Pugna</span> 
     </span>
     <span class='ocr_line' id='line_1_26' title="bbox 188 2267 1100 2340; baseline -0.001 -17"><span class='ocrx_word' id='word_1_147' title='bbox 188 2269 265 2337; x_wconf 87' lang='lat' dir='ltr'>apud</span> <span class='ocrx_word' id='word_1_148' title='bbox 275 2268 411 2339; x_wconf 84' lang='lat' dir='ltr'>Gorgium</span> <span class='ocrx_word' id='word_1_149' title='bbox 425 2269 573 2322; x_wconf 88' lang='lat' dir='ltr'>commissa</span> <span class='ocrx_word' id='word_1_150' title='bbox 582 2269 671 2323; x_wconf 86' lang='lat' dir='ltr'>vincit</span> <span class='ocrx_word' id='word_1_151' title='bbox 679 2269 856 2340; x_wconf 87' lang='lat' dir='ltr'>Agathocles.</span> <span class='ocrx_word' id='word_1_152' title='bbox 887 2267 990 2336; x_wconf 81' lang='lat' dir='ltr'>Captos</span> <span class='ocrx_word' id='word_1_153' title='bbox 1001 2269 1100 2322; x_wconf 84' lang='lat' dir='ltr'>contra</span> 
     </span>
     <span class='ocr_line' id='line_1_27' title="bbox 186 2346 561 2403; baseline 0 -2"><span class='ocrx_word' id='word_1_154' title='bbox 186 2349 282 2403; x_wconf 88' lang='lat' dir='ltr'>datam</span> <span class='ocrx_word' id='word_1_155' title='bbox 300 2349 385 2403; x_wconf 92' lang='lat' dir='ltr'>fidem</span> <span class='ocrx_word' id='word_1_156' title='bbox 404 2346 561 2402; x_wconf 89' lang='lat' dir='ltr'>obtruncat.</span> 
     </span>
    </p>

    <p class='ocr_par' dir='ltr' id='par_1_14' title="bbox 80 2428 864 2499">
     <span class='ocr_line' id='line_1_28' title="bbox 80 2428 864 2499; baseline -0.004 -16"><span class='ocrx_word' id='word_1_157' title='bbox 80 2436 122 2485; x_wconf 82' lang='lat'>90.</span> <span class='ocrx_word' id='word_1_158' title='bbox 151 2428 322 2499; x_wconf 86' lang='lat' dir='ltr'>Agathocles</span> <span class='ocrx_word' id='word_1_159' title='bbox 341 2428 522 2482; x_wconf 88' lang='lat' dir='ltr'>Dinocratem</span> <span class='ocrx_word' id='word_1_160' title='bbox 540 2429 614 2483; x_wconf 90' lang='lat' dir='ltr'>inter</span> <span class='ocrx_word' id='word_1_161' title='bbox 633 2430 737 2483; x_wconf 88' lang='lat' dir='ltr'>amicos</span> <span class='ocrx_word' id='word_1_162' title='bbox 756 2428 864 2497; x_wconf 89' lang='lat' dir='ltr'>recipit.</span> 
     </span>
    </p>

    <p class='ocr_par' dir='ltr' id='par_1_15' title="bbox 224 2508 1101 2563">
     <span class='ocr_line' id='line_1_29' title="bbox 224 2508 1101 2563; baseline 0.001 -1"><span class='ocrx_word' id='word_1_163' title='bbox 224 2509 331 2562; x_wconf 87' lang='lat' dir='ltr'>Addita</span> <span class='ocrx_word' id='word_1_164' title='bbox 356 2509 584 2563; x_wconf 89' lang='lat' dir='ltr'>commemoratio</span> <span class='ocrx_word' id='word_1_165' title='bbox 607 2525 700 2562; x_wconf 88' lang='lat' dir='ltr'>rerum</span> <span class='ocrx_word' id='word_1_166' title='bbox 723 2509 920 2562; x_wconf 85' lang='lat' dir='ltr'>Romanarum.</span> <span class='ocrx_word' id='word_1_167' title='bbox 960 2508 1101 2563; x_wconf 86' lang='lat' dir='ltr'>Samnites</span> 
     </span>
    </p>
   </div>
   <div class='ocr_carea' id='block_1_4' title="bbox 186 2587 1100 2738">
    <p class='ocr_par' dir='ltr' id='par_1_16' title="bbox 186 2587 1100 2738">
     <span class='ocr_line' id='line_1_30' title="bbox 188 2587 1100 2659; baseline 0.001 -17"><span class='ocrx_word' id='word_1_168' title='bbox 188 2588 231 2642; x_wconf 86' lang='lat' dir='ltr'>bie</span> <span class='ocrx_word' id='word_1_169' title='bbox 246 2589 326 2656; x_wconf 81' lang='lat' dir='ltr'>victi3</span> <span class='ocrx_word' id='word_1_170' title='bbox 347 2587 454 2643; x_wconf 81' lang='lat' dir='ltr'>Gellius</span> <span class='ocrx_word' id='word_1_171' title='bbox 469 2591 582 2658; x_wconf 86' lang='lat' dir='ltr'>captus;</span> <span class='ocrx_word' id='word_1_172' title='bbox 600 2587 684 2644; x_wconf 89' lang='lat' dir='ltr'>urbes</span> <span class='ocrx_word' id='word_1_173' title='bbox 699 2591 877 2659; x_wconf 87' lang='lat' dir='ltr'>expugnatae</span> <span class='ocrx_word' id='word_1_174' title='bbox 892 2605 909 2642; x_wconf 91' lang='lat' dir='ltr'>a</span> <span class='ocrx_word' id='word_1_175' title='bbox 925 2588 1100 2644; x_wconf 87' lang='lat' dir='ltr'>Samnitibus</span> 
     </span>
     <span class='ocr_line' id='line_1_31' title="bbox 186 2671 376 2738; baseline 0 -15"><span class='ocrx_word' id='word_1_176' title='bbox 186 2671 376 2738; x_wconf 89' lang='lat' dir='ltr'>recuperatae.</span> 
     </span>
    </p>
   </div>
   <div class='ocr_carea' id='block_1_5' title="bbox 419 2791 758 2861">
    <p class='ocr_par' dir='ltr' id='par_1_17' title="bbox 419 2791 758 2861">
     <span class='ocr_line' id='line_1_32' title="bbox 419 2791 758 2861; baseline 0 -15"><span class='ocrx_word' id='word_1_177' title='bbox 419 2793 460 2847; x_wconf 88' lang='lat'>01.</span> <span class='ocrx_word' id='word_1_178' title='bbox 478 2798 640 2861; x_wconf 65' lang='lat' dir='ltr'>narem</span> <span class='ocrx_word' id='word_1_179' title='bbox 656 2809 680 2846; x_wconf 75' lang='lat' dir='ltr'>a.</span> <span class='ocrx_word' id='word_1_180' title='bbox 697 2791 758 2848; x_wconf 75' lang='lat' dir='ltr'>cnr.</span> 
     </span>
    </p>
   </div>
   <div class='ocr_carea' id='block_1_6' title="bbox 55 2882 1105 3596">
    <p class='ocr_par' dir='ltr' id='par_1_18' title="bbox 82 2882 1100 3114">
     <span class='ocr_line' id='line_1_33' title="bbox 82 2882 1100 2951; baseline -0.002 -11"><span class='ocrx_word' id='word_1_181' title='bbox 82 2893 123 2940; x_wconf 84' lang='lat'>91.</span> <span class='ocrx_word' id='word_1_182' title='bbox 154 2885 244 2950; x_wconf 77' lang='lat' dir='ltr'>Quum</span> <span class='ocrx_word' id='word_1_183' title='bbox 259 2882 352 2936; x_wconf 92' lang='lat' dir='ltr'>Rhodi</span> <span class='ocrx_word' id='word_1_184' title='bbox 367 2883 542 2951; x_wconf 90' lang='lat' dir='ltr'>oppugnatio</span> <span class='ocrx_word' id='word_1_185' title='bbox 557 2899 574 2936; x_wconf 99' lang='lat' dir='ltr'>a</span> <span class='ocrx_word' id='word_1_186' title='bbox 588 2882 660 2936; x_wconf 88' lang='lat' dir='ltr'>mari</span> <span class='ocrx_word' id='word_1_187' title='bbox 674 2884 805 2951; x_wconf 86' lang='lat' dir='ltr'>suscepta</span> <span class='ocrx_word' id='word_1_188' title='bbox 818 2882 895 2936; x_wconf 92' lang='lat' dir='ltr'>haud</span> <span class='ocrx_word' id='word_1_189' title='bbox 909 2882 1100 2951; x_wconf 84' lang='lat' dir='ltr'>processisset,</span> 
     </span>
     <span class='ocr_line' id='line_1_34' title="bbox 188 2960 1100 3019; baseline -0.002 -1"><span class='ocrx_word' id='word_1_190' title='bbox 188 2963 347 3019; x_wconf 87' lang='lat' dir='ltr'>Demetrius</span> <span class='ocrx_word' id='word_1_191' title='bbox 366 2960 465 3016; x_wconf 90' lang='lat' dir='ltr'>urbem</span> <span class='ocrx_word' id='word_1_192' title='bbox 484 2979 501 3016; x_wconf 90' lang='lat' dir='ltr'>a</span> <span class='ocrx_word' id='word_1_193' title='bbox 519 2966 594 3017; x_wconf 87' lang='lat' dir='ltr'>terra</span> <span class='ocrx_word' id='word_1_194' title='bbox 613 2961 719 3017; x_wconf 88' lang='lat' dir='ltr'>adoriri</span> <span class='ocrx_word' id='word_1_195' title='bbox 736 2962 868 3017; x_wconf 88' lang='lat' dir='ltr'>instituit.</span> <span class='ocrx_word' id='word_1_196' title='bbox 904 2963 1100 3016; x_wconf 88' lang='lat' dir='ltr'>Machinarum</span> 
     </span>
     <span class='ocr_line' id='line_1_35' title="bbox 189 3042 848 3114; baseline -0.002 -17"><span class='ocrx_word' id='word_1_197' title='bbox 189 3047 354 3113; x_wconf 86' lang='lat' dir='ltr'>apparatus;</span> <span class='ocrx_word' id='word_1_198' title='bbox 375 3044 493 3114; x_wconf 87' lang='lat' dir='ltr'>insignis</span> <span class='ocrx_word' id='word_1_199' title='bbox 512 3044 542 3097; x_wconf 90' lang='lat' dir='ltr'>in</span> <span class='ocrx_word' id='word_1_200' title='bbox 560 3044 604 3097; x_wconf 87' lang='lat' dir='ltr'>his</span> <span class='ocrx_word' id='word_1_201' title='bbox 624 3045 685 3098; x_wconf 90' lang='lat' dir='ltr'>erat</span> <span class='ocrx_word' id='word_1_202' title='bbox 703 3042 848 3110; x_wconf 89' lang='lat' dir='ltr'>helepolis.</span> 
     </span>
    </p>

    <p class='ocr_par' dir='ltr' id='par_1_19' title="bbox 81 3122 1101 3357">
     <span class='ocr_line' id='line_1_36' title="bbox 81 3122 1101 3194; baseline -0.006 -11"><span class='ocrx_word' id='word_1_203' title='bbox 81 3135 123 3183; x_wconf 82' lang='lat'>92.</span> <span class='ocrx_word' id='word_1_204' title='bbox 152 3124 289 3181; x_wconf 87' lang='lat' dir='ltr'>Demetrii</span> <span class='ocrx_word' id='word_1_205' title='bbox 309 3124 460 3194; x_wconf 84' lang='lat' dir='ltr'>singularis</span> <span class='ocrx_word' id='word_1_206' title='bbox 479 3125 509 3178; x_wconf 91' lang='lat' dir='ltr'>in</span> <span class='ocrx_word' id='word_1_207' title='bbox 524 3124 721 3194; x_wconf 86' lang='lat' dir='ltr'>oppugnandis</span> <span class='ocrx_word' id='word_1_208' title='bbox 735 3122 852 3176; x_wconf 87' lang='lat' dir='ltr'>urbibus</span> <span class='ocrx_word' id='word_1_209' title='bbox 867 3122 1005 3189; x_wconf 82' lang='lat' dir='ltr'>sollertia,</span> <span class='ocrx_word' id='word_1_210' title='bbox 1024 3123 1101 3177; x_wconf 87' lang='lat' dir='ltr'>unde</span> 
     </span>
     <span class='ocr_line' id='line_1_37' title="bbox 189 3203 1101 3273; baseline -0.001 -14"><span class='ocrx_word' id='word_1_211' title='bbox 189 3204 365 3260; x_wconf 90' lang='lat' dir='ltr'>Poliorcetae</span> <span class='ocrx_word' id='word_1_212' title='bbox 384 3222 485 3260; x_wconf 92' lang='lat' dir='ltr'>nomen</span> <span class='ocrx_word' id='word_1_213' title='bbox 504 3205 633 3259; x_wconf 90' lang='lat' dir='ltr'>inditum.</span> <span class='ocrx_word' id='word_1_214' title='bbox 667 3203 769 3257; x_wconf 86' lang='lat' dir='ltr'>Forma</span> <span class='ocrx_word' id='word_1_215' title='bbox 784 3206 812 3257; x_wconf 91' lang='lat' dir='ltr'>et</span> <span class='ocrx_word' id='word_1_216' title='bbox 827 3203 951 3273; x_wconf 88' lang='lat' dir='ltr'>dignitas</span> <span class='ocrx_word' id='word_1_217' title='bbox 967 3205 1101 3272; x_wconf 83' lang='lat' dir='ltr'>corporis,</span> 
     </span>
     <span class='ocr_line' id='line_1_38' title="bbox 187 3285 620 3357; baseline -0.005 -17"><span class='ocrx_word' id='word_1_218' title='bbox 187 3285 295 3357; x_wconf 90' lang='lat' dir='ltr'>ingenii</span> <span class='ocrx_word' id='word_1_219' title='bbox 313 3287 503 3355; x_wconf 85' lang='lat' dir='ltr'>praestantia,</span> <span class='ocrx_word' id='word_1_220' title='bbox 522 3301 620 3339; x_wconf 90' lang='lat' dir='ltr'>mores.</span> 
     </span>
    </p>

    <p class='ocr_par' dir='ltr' id='par_1_20' title="bbox 82 3363 963 3434">
     <span class='ocr_line' id='line_1_39' title="bbox 82 3363 963 3434; baseline -0.006 -12"><span class='ocrx_word' id='word_1_221' title='bbox 82 3376 123 3422; x_wconf 81' lang='lat'>93.</span> <span class='ocrx_word' id='word_1_222' title='bbox 144 3374 186 3422; x_wconf 81' lang='lat'>94.</span> <span class='ocrx_word' id='word_1_223' title='bbox 216 3366 391 3420; x_wconf 88' lang='lat' dir='ltr'>Rhodiorum</span> <span class='ocrx_word' id='word_1_224' title='bbox 410 3382 495 3434; x_wconf 87' lang='lat' dir='ltr'>opera</span> <span class='ocrx_word' id='word_1_225' title='bbox 514 3366 637 3419; x_wconf 86' lang='lat' dir='ltr'>hortium</span> <span class='ocrx_word' id='word_1_226' title='bbox 658 3363 805 3418; x_wconf 88' lang='lat' dir='ltr'>conatibus</span> <span class='ocrx_word' id='word_1_227' title='bbox 825 3364 963 3432; x_wconf 86' lang='lat' dir='ltr'>opposita.</span> 
     </span>
    </p>

    <p class='ocr_par' dir='ltr' id='par_1_21' title="bbox 72 3447 560 3517">
     <span class='ocr_line' id='line_1_40' title="bbox 72 3447 560 3517; baseline 0 -18"><span class='ocrx_word' id='word_1_228' title='bbox 72 3455 113 3500; x_wconf 79' lang='lat'>95,</span> <span class='ocrx_word' id='word_1_229' title='bbox 142 3448 221 3501; x_wconf 82' lang='lat' dir='ltr'>Nori</span> <span class='ocrx_word' id='word_1_230' title='bbox 237 3447 377 3502; x_wconf 84' lang='lat' dir='ltr'>Demetrii</span> <span class='ocrx_word' id='word_1_231' title='bbox 397 3448 560 3517; x_wconf 87' lang='lat' dir='ltr'>apparatus.</span> 
     </span>
    </p>

    <p class='ocr_par' dir='ltr' id='par_1_22' title="bbox 55 3523 1105 3596">
     <span class='ocr_line' id='line_1_41' title="bbox 55 3523 1105 3596; baseline 0.001 -22"><span class='ocrx_word' id='word_1_232' title='bbox 55 3528 98 3577; x_wconf 80' lang='grc'>96.</span> <span class='ocrx_word' id='word_1_233' title='bbox 122 3529 166 3580; x_wconf 84' lang='grc'>97,</span> <span class='ocrx_word' id='word_1_234' title='bbox 199 3526 372 3584; x_wconf 81' lang='lat' dir='ltr'>Commeatu</span> <span class='ocrx_word' id='word_1_235' title='bbox 399 3548 416 3584; x_wconf 92' lang='lat' dir='ltr'>a</span> <span class='ocrx_word' id='word_1_236' title='bbox 441 3529 625 3596; x_wconf 89' lang='lat' dir='ltr'>Ptolemaeo,</span> <span class='ocrx_word' id='word_1_237' title='bbox 648 3525 809 3590; x_wconf 71' lang='lat' dir='ltr'>Casandro,</span> <span class='ocrx_word' id='word_1_238' title='bbox 832 3523 1003 3590; x_wconf 63' lang='lat' dir='ltr'>hpsrmadnu</span> <span class='ocrx_word' id='word_1_239' title='bbox 1024 3524 1105 3575; x_wconf 70' lang='lat' dir='ltr'>aduu-</span> 
     </span>
    </p>
   </div>
   <div class='ocr_carea' id='block_1_7' title="bbox 157 3610 411 3670">
    <p class='ocr_par' dir='ltr' id='par_1_23' title="bbox 157 3610 411 3670">
     <span class='ocr_line' id='line_1_42' title="bbox 157 3610 411 3670; baseline 0.051 -14"><span class='ocrx_word' id='word_1_240' title='bbox 157 3610 267 3663; x_wconf 85' lang='lat' dir='ltr'>rantur</span> <span class='ocrx_word' id='word_1_241' title='bbox 284 3611 411 3670; x_wconf 78' lang='lat' dir='ltr'>Rhodii.</span> 
     </span>
    </p>
   </div>
   <div class='ocr_carea' id='block_1_8' title="bbox 0 0 1243 3848">
    <p class='ocr_par' dir='ltr' id='par_1_24' title="bbox 0 0 1243 3848">
     <span class='ocr_line' id='line_1_43' title="bbox 0 0 1243 3848; baseline 0 0"><span class='ocrx_word' id='word_1_242' title='bbox 0 0 1243 3848; x_wconf 95' lang='lat' dir='ltr'> </span> 
     </span>
    </p>
   </div>
  </div>
 </body>
</html>
