2460 3848
113 180 176 245 128
459 175 573 232 Diodor.
582 174 647 231 XIX
661 180 783 231 79-81.

110 321 316 407 καλουμένης
329 322 512 388 Ποσείδιον
525 321 581 387 καί
593 324 771 405 Ποταμοὺς
780 324 905 407 Καρῶν
919 319 1132 408 ἐκπολιορκή-

112 445 172 508 σας
209 430 400 515 διήρπασεν.
460 427 597 511 ἑτοίμως
633 426 671 493 δὲ
706 427 852 505 πλεύσας
887 426 942 494 ἐπί
978 431 1132 506 Κιλικίας

110 537 234 603 Μάλον
261 529 328 602 εἷλε
354 536 410 602 καί
436 538 515 614 τοὺς
538 533 850 620 ἐγκαταληφθέντας
873 533 1131 621 ἐλαφυροπώλη-

111 661 178 709 σεν.
237 641 405 728 ἐπόρθησε
447 642 485 708 δέ
525 642 581 708 καί
621 644 683 727 τήν
719 640 819 726 ἐγγύς
854 644 966 728 χώραν
1001 641 1057 707 καί
1093 643 1138 717 τὸι

111 751 336 836 στρατόπεδον
368 749 529 833 ὠφελείας
561 747 727 834 ἐμπλήσας
759 744 975 814 ἀπέπλευσεν
993 750 1041 826 εἰς
1069 751 1132 834 τήν
1164 770 1176 811 ι

75 873 91 923 ‘1
109 858 260 943 Κύπρον.
306 855 513 939 ἐπολιτεύετο
536 855 574 922 δέ
600 857 684 941 πρὸς
701 859 780 932 τοὺς
798 855 1008 941 στρατιώτας,
1027 855 1132 933 οὕτως

110 962 350 1046 ἐκκαλούμενος
368 963 479 1029 αὐτῶν
497 964 556 1041 τάς
568 965 760 1049 προθυμίας
779 964 826 1040 εἰς
843 965 923 1040 τοὺς
936 961 1132 1054 ἐπιφερομέ-

109 1094 191 1148 νους
212 1071 400 1148 κινδύνους.
514 1124 526 1149 .

57 1177 100 1243 80
181 1181 372 1263 Δημήτριος
408 1177 446 1242 δὲ
482 1176 500 1242 ὁ
533 1175 727 1261 Ἀντιγόνου
765 1175 931 1263 διέτριβεν
967 1175 1019 1242 άεί
1054 1177 1132 1263 περί

109 1286 240 1375 Κοίλην
262 1287 405 1369 Συρίαν,
436 1282 628 1369 ἐφεδρεύων
657 1293 728 1360 ταῖς
757 1293 825 1348 τῶν
847 1285 1045 1366 Αἰγυπτίων
1072 1284 1132 1350 δυ-
1150 1309 1177 1348 10

109 1390 259 1473 νάμεσιν.Ι
316 1392 360 1469 ὡς
397 1387 428 1455 δ’
459 1392 582 1474 ήκουσε
616 1391 680 1467 4τδις
721 1400 789 1456 τῶν
825 1392 956 1456 πόλεων
993 1389 1132 1468 ἁλύσεις

109 1501 255 1564 Πίθωνα
277 1498 339 1581 μὲν
362 1495 416 1563 ἐπί
439 1507 507 1562 τῶν
525 1497 637 1561 τόπων
655 1496 807 1562 κατέλιπε
831 1499 1027 1583 στρατηγόν,
1050 1498 1132 1575 δοὺς

109 1605 198 1691 αύτῷ
230 1607 309 1682 τοὺς
341 1601 523 1688 ἐλέφαντας
554 1602 610 1669 καί
640 1605 681 1669 τά
712 1603 816 1690 βαρέα
847 1614 915 1670 τῶν
945 1604 1130 1688 ταγμάτων,

109 1711 209 1787 αὐτὸς
245 1707 276 1774 δ’
302 1709 479 1790 ἀναλαβὼν
515 1710 594 1786 τούς
629 1733 664 1775 τε
703 1712 811 1788 ἱππεῖς
847 1710 903 1776 καί
939 1711 980 1776 τά
1015 1714 1131 1791 φιλικά

108 1817 256 1901 τάγματα
283 1828 431 1903 προῆγεν
461 1815 515 1883 ἐπί
545 1820 699 1895 Κιλικίας
729 1818 916 1901 συντόμως,
947 1817 1131 1902 βοηθήσων
1150 1840 1176 1881 ιι

72 1934 178 2000 κτοίς
209 1925 477 1990 κινδυνεύουσιν.
531 1923 715 2008 ὑστερήσας
747 1924 784 1989 δὲ
815 1933 884 1989 τῶν
916 1934 1043 2010 καιρῶν
1074 1926 1131 1992 καί

108 2032 304 2116 καταλαβὼν
333 2031 624 2108 ἀποπεπλευκότας
653 2033 732 2108 τοὺς
758 2033 938 2113 πολεμίους
961 2030 1130 2116 ἐπανῆλθε

109 2141 281 2222 συντόμως
299 2137 354 2205 ἐπί
371 2140 409 2204 τὸ
429 2138 665 2225 στρατόπεδον,
684 2136 919 2222 ἀποβεβληκὼς
936 2150 1004 2205 τῶν
1019 2139 1130 2206 ἵππων

107 2249 186 2324 τοὺς
218 2249 354 2326 πλείους
385 2247 467 2312 κατά
498 2247 560 2330 τήν
591 2243 800 2328 ὁδοιπορίαν·
834 2243 972 2311 διέτεινε
1003 2247 1067 2331 γάρ
1095 2245 1129 2325 ἓξ

107 2352 243 2439 ἡμέραις
279 2352 343 2417 άπὸ
376 2351 499 2418 Μάλου
532 2353 703 2435 σταθμούς
735 2351 839 2417 είκοσι
870 2351 926 2417 καί
958 2351 1129 2437 τέσσαρας,
1149 2375 1176 2416 ιο

108 2459 192 2524 ὥστε
219 2460 275 2524 διά
302 2460 364 2543 τήν
386 2458 578 2544 ὑπερβολήν
599 2467 658 2542 τής
680 2460 888 2536 κακοπαθίας
909 2461 990 2544 μήτε
1014 2476 1129 2527 σκευο-

109 2567 218 2651 φόρον
255 2565 483 2650 άκολουθήσαι
519 2563 645 2649 μηδένα
680 2568 760 2649 μήτε
796 2569 875 2643 τοὺς
914 2566 1126 2649 ἱπποκόμους.

73 2671 126 2738 οδ
158 2672 196 2737 δὲ
225 2676 447 2756 Πτολεμαῖος,
483 2673 566 2738 κατὰ
595 2679 680 2737 νοῦν
710 2672 799 2758 αὐτῷ
829 2683 898 2738 τῶν
927 2673 1129 2758 πραγμάτων

179 2830 195 2883 1
214 2827 366 2885 Ποσείδιον
384 2829 411 2883 R
436 2826 598 2900 (Ποσίδειον
618 2836 641 2884 2.
656 2848 703 2897 ιο,
721 2829 757 2900 Χ)
780 2827 919 2886 Ποσίδιον
936 2831 972 2898 Ρς
997 2831 1031 2886 cf.
1055 2831 1127 2886 Ptol.

107 2901 190 2987 yn,
205 2907 229 2955 2.
284 2902 435 2970 Ποταμοὺς
457 2902 572 2974 Καρῶν]
598 2897 734 2985 ΠοταμὸνΙ
752 2907 785 2956 K.
804 2901 836 2969 F,
856 2918 924 2956 corr.
945 2908 968 2956 2.
984 2920 1035 2970 m.;
1060 2902 1129 2986 υνδε

107 2972 929 3114 33333150203‡3{⁸22p{uit3331343552533{0235
942 2975 1130 3114 &iffi

108 3123 133 3184 2,
147 3120 193 3186 8)).
254 3115 272 3170 2
291 3113 416 3186 ἑτοίμως]
436 3112 577 3184 συντόμως
595 3114 678 3169 Dind.
742 3115 880 3171 θΜάλον
899 3116 979 3170 codd.
998 3117 1045 3185 (cf.
1064 3115 1129 3170 XIX

108 3193 150 3254 56,
165 3191 200 3254 ὃ),
238 3183 511 3257 ἐγκαταλειφθέντας
528 3187 565 3252 R,
586 3203 653 3240 corr.
675 3192 698 3240 1.
713 3204 750 3242 m.
816 3183 990 3259 θδιέτριβεν
1009 3187 1065 3258 ἀεὶ]
1085 3190 1129 3243 δι·

107 3256 196 3329 ἐτριβε
221 3259 271 3328 μὲν
296 3258 380 3314 Dind.
458 3257 494 3311 15
519 3256 670 3329 συντόμως]
697 3254 836 3320 συντόνως
862 3259 944 3312 Dind.
1018 3259 1054 3312 16
1077 3256 1129 3314 τδν

107 3326 208 3398 καιρὸν
225 3328 259 3384 X.
327 3330 361 3385 17
380 3326 590 3392 δποπλενκότας
608 3330 669 3399 (sic)
688 3329 719 3395 F,
738 3345 806 3384 corr.
827 3335 851 3384 2.
866 3347 902 3384 m.
970 3329 1006 3384 20
1024 3326 1130 3400 ἡμέρας

98 3399 169 3464 ΠΧ,
192 3400 269 3454 idem
292 3401 324 3470 F,
351 3418 419 3456 corr.
439 3407 463 3455 2.
478 3418 514 3455 m.
541 3401 588 3470 (cf.
606 3399 736 3455 Kallenb.
754 3400 768 3454 Ι
789 3418 817 3470 p.
835 3403 870 3469 8).
925 3400 1028 3456 Μάλου
1053 3400 1128 3457 libri.

69 3465 228 3597 ρῖλῖῖθὲφῖἰε
242 3471 275 3526 δ’.
347 3472 384 3531 21
404 3469 606 3536 κακοπαθείας
623 3472 667 3528 R·
702 3468 874 3541 σκευοφόρον
892 3471 971 3540 libri;
991 3471 1130 3543 σκευοφό-
