2460 3848
445 192 487 248 01.
499 198 560 260 ιιι,
571 199 599 248 1:
619 198 670 248 ιιι
686 209 711 247 ιι.
723 191 785 248 chr.
1080 198 1122 263 41

104 334 284 423 εὐθαρσεῖς
306 339 390 424 πρὸς
411 339 470 415 τάς
492 338 597 424 μάχας
619 339 860 405 κατεσκεύασεν
881 338 1014 405 καὶτοῦ
1036 345 1125 406 Πεν-

103 443 224 511 κέστον
242 445 302 511 τὸν
320 444 423 528 ὄγκον
442 445 499 510 καλ
520 446 558 511 τὸ
581 447 756 531 πρόσχημα
777 446 982 524 ταπεινώσας
1004 443 1125 513 ἐαυτὸν

104 553 153 629 εἰς
169 550 257 632 ὕψος
272 552 376 636 ἤγαγε
398 552 454 618 καλ
476 553 682 638 προσδοκίαν
705 550 851 618 ἐλπίδων
874 553 1014 637 ἀγαθῶν
1036 555 1125 638 παρὰ

103 667 173 736 τοῖς
203 661 379 743 πλήθεσιν.
423 655 467 743 ην
497 655 570 725 δ’ὁ
600 668 682 737 νοῦς
710 669 779 726 τῶν
808 659 1045 746 γεγραμμένων
1074 660 1158 726 ὅτιν

71 766 141 832 ιτὸ
173 764 235 848 μὲν
263 763 481 852 Ἀλεξάνδρου
513 767 654 832 παιδίον
677 763 855 850 Ὀλυμπιάς
886 771 1126 854 παραλαβοῦσα

102 873 294 955 κεκόμισται
314 873 371 939 καὶ
392 873 454 958 την
474 874 688 950 Μακεδονίας
711 876 885 957 βασιλείαν
906 876 1044 960 κυρίως,
1067 873 1125 940 ἀν-

104 978 298 1064 αιρεθέντος
316 980 536 1066 Κασάνδρου,
557 979 788 1067 Πολυπέρχων
806 980 844 1046 δὲ
863 981 1060 1066 διαβέβηκεν
1078 983 1125 1059 είς

99 1082 214 1152 Ἀσίαν
240 1087 324 1173 πρὸς
344 1085 536 1171 Ἀντίγονον
563 1083 648 1172 έχων
674 1097 733 1173 της
749 1089 931 1173 βασιλικῆς
954 1087 1126 1171 δυνάμεως

102 1194 165 1277 την
191 1194 371 1280 κρατίστην
392 1194 550 1272 καὶτοὺς
572 1192 770 1279 ἐλέφαντας,
793 1191 862 1260 ἔστι
886 1194 924 1260 δὲ
946 1195 1125 1281 προσάγων

57 1327 85 1366 ιο
102 1299 167 1384 ἤδη
199 1299 276 1385 περὶ
307 1301 559 1367 Καππαδοκίαν.
609 1302 629 1385 η
663 1297 694 1366 δ’
721 1298 876 1386 ἐπιστολὴ
905 1304 1045 1387 Συρίοις
1073 1316 1159 1387 γε-3

103 1404 273 1492 γραμμένη
305 1407 495 1494 γράμμασιν
532 1407 714 1475 ἀπέσταλτο
751 1409 841 1495 παρὰ
869 1405 1027 1494 ’Θρόνιον
1064 1418 1124 1475 τοῦ

103 1515 306 1598 σατραπείαν
338 1513 400 1597 μὲν
432 1511 565 1600 έχοντος
594 1514 779 1601 Ἀρμενίας,
817 1517 919 1601 φίλον
956 1515 994 1580 δὲ
1028 1515 1125 1592 ὄντος

103 1618 285 1712 Πευκέστη.
339 1613 575 1707 πιστευθείσης
607 1622 645 1688 δὲ
676 1632 734 1708 τῆς
765 1620 939 1707 ἐπιστολῆς
971 1623 1028 1688 διά
1063 1624 1124 1707 την

103 1731 290 1812 συνήθειαν
317 1728 378 1812 την
401 1727 685 1813 προϋπάρχουσαν
711 1738 781 1807 τοῖς
809 1730 990 1817 σατράπαις
1017 1729 1035 1796 ὁ
1063 1730 1124 1812 μὲν

57 1859 84 1898 ιι
101 1833 257 1919 Εὐμενὴς
279 1833 431 1902 ἐκέλευσε
449 1845 674 1919 περιενεγκεῖν
695 1836 751 1901 καλ
773 1833 878 1913 δεῖξαι
900 1846 971 1913 τοῖς
992 1850 1037 1901 τε·
1049 1838 1124 1921 ηγε-

101 1943 180 2024 μύσι
200 1941 256 2007 καλ
277 1952 346 2007 τῶν
364 1942 475 2007 ἀλλων
498 1953 708 2028 στρατιωτῶν
730 1952 800 2018 τοῑς
822 1945 1002 2027 πλείστοις,
1025 1943 1062 2009 τὸ
1086 1944 1124 2011 δὲ

101 2048 328 2134 στρατόπεδον
350 2049 440 2114 ἅπαν
462 2047 620 2133 μετετέθη
644 2058 715 2126 ταῖς
738 2049 902 2126 διανοίαις
923 2048 979 2114 καλ
1003 2049 1124 2128 πάντες

102 2153 291 2238 ἀπέβλεπον
322 2157 406 2241 πρὸς
436 2156 494 2233 τὰς
526 2151 702 2238 Πύμενοῦς
733 2153 885 2240 ἐλπίδας,
921 2156 965 2233 ὡς
1002 2157 1122 2221 τούτου

99 2262 333 2347 δυνησομένου
361 2262 417 2327 καί
445 2261 605 2348 προάγειν
633 2262 690 2327 διά
716 2273 784 2328 τῶν
811 2260 976 2346 βασιλέων
998 2261 1058 2339 οὓς
1081 2261 1123 2328 ἀν

56 2392 83 2432 εο
101 2368 262 2453 βούληται
297 2369 353 2434 καὶ
390 2369 484 2447 δίκας
520 2371 636 2453 λαβεῖν
672 2372 761 2456 παρὰ
797 2380 865 2435 τῶν
906 2369 1122 2438 ἀδικούντων.

100 2477 182 2559 μετά
209 2476 247 2542 δὲ
269 2478 331 2560 την
354 2474 496 2561 εὐωχίαν
518 2476 671 2563 Εὐμενὴς
693 2479 897 2562 βουλόμενος
920 2475 1123 2561 καταπλήξα-
1141 2495 1157 2542 4

101 2590 185 2649 σθαι
202 2586 281 2661 τοὺς
299 2581 523 2661 ἀπειθοῦντας
541 2583 562 2668 ἢ
582 2587 779 2670 στρατηγίας
798 2583 1018 2670 ὀρεγομένους
1040 2605 1122 2669 παρ-

100 2692 225 2774 ήγαγεν
244 2692 291 2768 εἰς
309 2692 421 2776 κρίσιν
440 2691 636 2776 Σιβύρτιον,
655 2690 691 2768 ὃς
708 2688 752 2776 ἦν
770 2701 828 2778 τῆς
845 2691 907 2774 μέν
921 2688 1123 2777 Ἀραχωσίας

101 2797 284 2883 σατράπης,
307 2796 500 2863 Πευκέστου
525 2797 562 2863 δὲ
584 2798 725 2880 μάλιστα
748 2800 860 2883 φίλος,
883 2794 984 2864 έλαθε
1007 2798 1045 2864 δέ
1063 2794 1122 2863 αύ-

55 2925 83 2966 ιε
102 2905 161 2970 τὸν
188 2914 256 2970 τῶν
285 2903 411 2971 ἱππέων
437 2905 530 2982 τινάς
554 2903 750 2981 ἀποστείλας
778 2905 825 2983 εἰς
843 2901 1039 2990 Ἀραχώτας·
1066 2903 1122 2969 καὶ

100 3011 159 3089 τὰς
188 3009 374 3089 ἀποσκευάς
404 3011 562 3089 κελεύσας
593 3010 797 3098 παρελέσθαι
829 3014 877 3089 είς
907 3010 1122 3096 τηλικούτους

101 3117 294 3203 περιέστησε
330 3118 512 3195 κινδύνους
548 3117 647 3203 ὥστε,
687 3119 717 3184 εί
755 3120 799 3204 μη
841 3117 958 3185 λαθὼν
994 3117 1121 3204 διέδρα,

173 3277 189 3330 1
208 3275 417 3333 κατασκευάσαι
434 3277 465 3345 F,
485 3294 553 3332 corr.
569 3282 593 3330 2.
608 3293 644 3331 m.
699 3276 717 3330 δ
736 3275 833 3367 ἤγαγε]
852 3271 901 3345 ἦρε
921 3274 1008 3331 Cobet
1026 3293 1053 3344 p.
1069 3281 1119 3330 251

102 3350 143 3415 (at
156 3347 192 3403 cf.
205 3346 270 3402 XIX
283 3354 327 3414 48,
338 3353 367 3416 ῦς
383 3354 426 3416 61,
436 3351 472 3419 5).
527 3348 544 3402 9
563 3347 606 3420 δέ]
625 3367 654 3402 τε
673 3348 706 3402 R.
742 3365 892 3418 προσαγων
906 3346 969 3415 RX3
988 3346 1121 3417 προάγων

100 3419 131 3486 F,
146 3435 284 3490 suprascr.
300 3419 336 3474 ab
351 3419 400 3475 alt.
415 3438 452 3475 m.
467 3437 490 3476 σ.
539 3420 573 3473 11
588 3427 637 3475 τοῦ
652 3436 705 3473 om.
716 3418 780 3487 RX,
794 3420 826 3473 in
838 3418 931 3474 <20ss
946 3418 1135 3485 mmmm.

99 3490 136 3546 28
155 3492 306 3562 Σιβύριτον
318 3490 344 3544 Χ
363 3491 522 3562 Σιβήρντον
536 3492 573 3563 F,
593 3489 740 3549 emm
750 3497 809 3561 ’δῶ
826 3490 961 3558 mm.
1005 3485 1053 3536 Ἃ
1068 3479 1159 3544 ΨΜ

92 3562 213 3628 μάλιστα
228 3561 261 3616 X.
335 3562 374 3619 25
390 3565 569 3639 Ἀραχάτους
588 3566 624 3625 X.
