2460 3848
395 183 437 238 οι.
449 188 548 250 115‚4:
568 187 620 238 317
635 199 659 238 a.
671 181 734 238 chr.
793 159 797 164 ’
1033 185 1073 251 17

56 332 118 396 ούκ
146 329 188 395 ἁν
214 331 276 414 τήν
303 340 370 394 τῶν
397 330 594 414 πασχόντων
621 327 725 412 τύχην
755 324 927 413 ἐλεήσειεν.
973 328 1114 394 πᾶσαι8

54 436 211 522 μὲνγὰρ
240 438 275 502 αλ
303 436 406 501 πύλαι
434 444 492 519 τής
521 437 648 512 πόλεως
677 433 909 519 ἐκλείσθησαν,
940 436 1075 512 πλείους

55 544 93 610 δέ
118 554 186 610 τῶν
208 545 476 629 τετρακισχιλίων
503 541 718 634 ἀνῃρέθησαν
745 541 950 629 αὐθημερόν,
976 548 1075 606 τοῦτο

54 653 161 734 μόνον
188 648 407 734 ἐγκληθέντες
434 650 485 715 ὅτι
511 648 717 734 χαριέστεροι
744 659 812 714 τῶν
841 648 952 714 ἄλλων
980 645 1074 732 ἦσαν.

23 768 122 823 ετῶν
149 757 187 822 δέ
215 757 395 842 φυγόντων
423 757 456 822 οί
482 756 544 838 μέν
571 754 626 829 ἐπὶ
652 756 710 831 τὰς
737 755 844 833 πύλας
874 755 1076 840 ὁρμήσαντες

56 867 330 948 συνελήφθησαν,
358 864 391 928 οί
418 863 456 928 δὲ
482 863 565 927 κατὰ
591 873 659 927 τῶν
682 872 799 947 τειχῶν
823 862 995 948 ῥίπτοντες
1018 861 1076 927 αὑ·

30 970 134 1047 τοὺς
163 971 210 1047 είς
239 972 297 1048 τὰς
327 969 563 1054 ἀστυγείτονας
592 970 705 1047 πόλεις
733 969 957 1055 διεσώθησαν,
989 969 1077 1048 τινὲς

57 1077 95 1142 δέ
122 1077 177 1141 διὰ
204 1078 263 1142 τὸν
291 1078 401 1161 φόβον
424 1074 637 1163 ἀπρονοήτως
660 1075 836 1158 ἁλλόμενοι
863 1080 1088 1164 κατεκρημνί·“

57 1189 197 1267 σθησαν.
250 1184 287 1248 τὸ
318 1183 356 1248 δέ
385 1188 515 1267 πλῆθος
542 1179 586 1266 ήν
615 1193 682 1248 τῶν
712 1181 919 1249 ἐκπεσόντων
951 1181 987 1248 ἐκ
1019 1193 1110 1268 τήςν

11 1315 38 1354 ιο
56 1292 214 1376 πατρίδος
236 1289 321 1376 ὑπὲρ
343 1292 422 1366 τούς
440 1287 693 1376 ἑξακισχιλίους,
717 1284 765 1355 ὧν
784 1292 817 1355 ολ
834 1294 983 1355 πλεῖστοι
1000 1312 1076 1355 κατ-

56 1398 185 1482 έφυγον
207 1398 291 1483 πρὸς
313 1399 391 1474 τοὺς
411 1396 688 1483 Ἀκραγαντίνους
710 1396 803 1462 κὰκεῑ
824 1407 882 1482 τής
908 1398 1075 1480 καθηκού-

55 1522 115 1588 σης
138 1503 322 1587 ἐπιμελείας
344 1502 545 1588 ήξιιόθησαν.
583 1506 616 1569 ολ
638 1503 676 1569 δὲ
698 1504 774 1591 περὶ
792 1505 852 1569 τὸν
872 1500 1076 1587 Ἀγαθοκλέα
1094 1521 1110 1570 3

56 1611 330 1695 διημερεύσαντες
357 1610 395 1677 ἐν
422 1620 492 1688 τολς
516 1621 583 1676 τῶν
605 1616 751 1676 πολιτῶν
775 1612 893 1696 φόνοις
916 1610 996 1676 οὐδὲ
1018 1621 1076 1695 τῆς

56 1720 104 1795 είς
126 1727 286 1801 γυναῖκας
307 1717 436 1804 ὕβρεως
458 1718 513 1783 καί
536 1721 744 1803 παρανομίας
766 1717 965 1803 ἀπέσχοντο,
993 1717 1076 1783 ἀλλά

11 1849 36 1888 ιε
56 1826 145 1910 παρὰ
167 1835 235 1890 τῶν
258 1822 512 1910 ἐκπεφευγότων
534 1826 593 1890 τὸν
616 1824 767 1890 θάνατον
792 1826 910 1910 λκανήν
932 1823 1076 1907 ὑπελάμ-

56 1936 162 2015 βανον
185 1935 352 2017 λήψεσθαι
375 1933 535 2018 τιμωρίαν
558 1933 619 2016 τήν
643 1932 690 2008 είς
714 1932 793 2009 τοὺς
821 1941 994 2015 συγγενεῖς
1020 1929 1076 1996 ἐπ-

56 2043 184 2125 ήρειαν·
212 2039 383 2125 δεινότερα
409 2039 473 2124 γὰρ
500 2038 652 2103 θανάτου
680 2040 759 2114 τοὺς
785 2037 846 2120 μὲν
870 2038 995 2123 ἀνδρας
1021 2038 1076 2102 καλ

56 2146 198 2231 πατέρας
220 2147 307 2223 είκὸς
329 2142 373 2229 ἦν
392 2147 569 2211 πείσεσθαι
592 2155 761 2229 γυναικῶν
779 2143 894 2231 ὕβρεις
915 2145 971 2209 καλ
994 2164 1076 2226 παρ-

56 2252 169 2318 θένων
192 2253 352 2338 αἰσχύνας
378 2252 682 2337 ἀναλογιζομένους.
729 2248 787 2337 ἀφ’
810 2245 858 2316 ὧν
882 2251 962 2335 ἡμῖν
985 2270 1075 2335 περι·
1094 2269 1110 2316 4

10 2383 37 2422 εο
57 2358 205 2440 αιρετέον
237 2358 307 2425 ἐστὶ
338 2361 400 2444 τήν
434 2357 592 2426 ἐπίθετον
627 2359 682 2424 καί
720 2361 853 2442 συνήθη
890 2367 959 2435 τοῖς
996 2373 1076 2441 συγ-

56 2473 223 2549 γραφεῦσι
267 2468 466 2553 τραγφδίαν,
513 2466 652 2549 μάλιστα
698 2466 758 2549 μὲν
803 2466 859 2530 διὰ
904 2466 964 2530 τὸν
1009 2475 1076 2530 τῶν

57 2574 237 2637 παθόντων
278 2568 383 2655 ἐλεον,
423 2570 534 2638 ἔπειτα
573 2573 629 2638 καί
670 2573 727 2638 διὰ
767 2574 804 2638 τὸ
841 2570 972 2655 μηθένα
1008 2582 1075 2637 τῶν

57 2679 355 2762 ἀναγινωσκόντων
377 2677 539 2763 ἐπιζητεῖν
562 2678 702 2744 ἀκοῦσαι
725 2681 765 2744 τὰ
788 2680 870 2744 κατὰ
897 2678 1010 2764 μέρος,
1038 2676 1075 2743 ἐν

56 2785 174 2873 ἑτοίμφ
203 2796 260 2871 τής
287 2785 440 2869 γνώσεως
472 2786 581 2870 ούσης.
632 2787 665 2851 ολ
694 2787 757 2872 γὰρ
785 2783 862 2867 μεθ’
884 2784 1010 2870 ἡμέραν
1038 2782 1109 2849 ἐνο

10 2914 37 2954 ετ
56 2902 127 2970 ταῖς
154 2892 247 2970 ὁδοῖς
272 2891 328 2957 καλ
354 2892 437 2956 κατὰ
463 2893 524 2976 τήν
552 2891 678 2979 ἀγοράν
706 2892 864 2976 σφάττειν
891 2896 1076 2973 τολμῶντες

56 3002 134 3077 τοὺς
160 2999 265 3084 μηδὲν
292 2998 489 3074 ἀδικοῦντας
517 2997 558 3062 ού
581 2997 801 3084 προσδέονται
824 3006 884 3063 τοῦ
907 2998 1075 3081 δηλώσον-

56 3130 113 3184 τος
139 3109 173 3172 τί
197 3106 327 3191 νύκτωρ
356 3101 519 3192 ἔπραττον
545 3102 623 3170 καθ’
647 3104 769 3182 αύτούς
796 3103 833 3170 ἐν
860 3114 931 3181 ταῖς
957 3105 1075 3180 οίκίαις

127 3260 339 3334 4χαριέστατοι
352 3263 381 3318 F.
432 3257 629 3331 ὅφευγύντων
643 3262 673 3316 F.
711 3270 773 3324 ταῖς
791 3261 891 3324 πύλαις
904 3261 934 3314 F.
987 3261 1074 3318 θαύ-

55 3333 164 3407 τοὰςΧΙ
189 3333 305 3397 ἐαντοὰς
323 3334 353 3388 F.
431 3333 449 3389 8
472 3330 603 3403 ἁλόμενοι
620 3333 671 3387 RX
697 3333 848 3402 ἁλλόμενοι
866 3332 895 3386 F.
940 3351 1074 3400 κατεκρη-

56 3406 223 3476 μνήσθησαν
241 3405 271 3460 F.
332 3404 546 3470 wahalim-13
566 3422 634 3459 corr.
649 3404 732 3459 Dind.
798 3403 832 3458 12
853 3403 903 3473 μὲν
923 3403 1089 3456 ἐοωκοο,

56 3478 92 3533 18
110 3474 269 3549 πείσεσθαι]
288 3473 436 3532 πυθέσθαι
454 3476 484 3532 F.
537 3476 575 3534 ‘21
593 3473 661 3552 τὸνή
677 3474 712 3534 τὶν
725 3475 768 3530 X.
819 3474 866 3530 Ὦ.
883 3464 1111 3543 mmmm&

51 3548 90 3602 23
105 3545 375 3619 ἀναγινωσκομένων
392 3550 426 3621 F,
446 3567 519 3610 corr,
539 3558 568 3612 2,
582 3571 624 3611 m,
643 3553 679 3609 'm
695 3566 799 3620 mag,

89 3651 213 3696 DIodom
231 3655 258 3696 V.
960 3647 987 3692 ‘2
