2460 3848
101 223 152 276 XX
390 224 653 279 ARGUMENTUM
671 225 768 279 LIBRI
786 224 843 278 XX.

104 314 157 363 esp,

103 390 161 440 108.
182 386 341 455 Antigonus
360 386 458 439 nuntio
479 385 514 438 de
528 385 688 453 Lysimachi
707 385 864 440 incursione
879 389 995 456 accepto
1011 404 1026 442 e
1041 387 1123 457 Syria

208 466 284 520 hosti
298 464 408 519 obviam
422 467 551 534 procedit
565 468 593 520 et
606 484 732 537 pugnam
747 465 835 521 offert.
861 464 915 522 Sed
930 467 1122 537 Lysimachus,

209 564 270 601 eam
296 546 400 601 evitare
426 547 514 600 satius
539 550 655 615 putans,
678 548 764 601 noctu
786 547 898 617 aufugit
921 551 950 602 et
973 550 1066 602 castra
1084 549 1123 602 ad

210 626 380 695 Dorylaeum
398 628 487 695 ponit,

103 714 161 763 109.
181 708 353 777 Antigonus,
372 707 482 762 hostem
500 711 676 777 persecutus,
696 709 755 763 eius
776 711 868 763 castro
884 707 1012 764 obsidere
1026 713 1120 779 parat,

209 788 258 843 sed
286 804 349 841 cum
378 787 560 855 Lysimachus
586 789 652 844 inde
679 789 821 855 evaderet,
848 789 1000 843 discessum
1026 793 1069 845 est
1092 792 1121 844 in

209 868 334 922 hiberna.

102 954 161 1004 110.
181 949 213 1003 ln
232 948 350 1003 Graecis
373 950 531 1004 Demetrius
555 949 673 1004 Athenis
698 949 838 1015 substitit,
865 950 954 1005 donec
979 952 1120 1019 mysteriis

207 1029 358 1084 Eleusiniis
377 1032 450 1084 esset
468 1029 605 1084 initiatus.
636 1029 706 1083 Tum
727 1029 814 1085 classe
832 1030 975 1099 profectus
993 1031 1120 1085 Larisam

208 1112 237 1164 et
256 1109 411 1178 complures
427 1111 498 1164 alias
512 1109 594 1164 urbes
609 1111 722 1178 recepit.
756 1109 897 1165 Casander
910 1114 943 1166 ut
956 1129 1120 1181 progressus

208 1188 382 1258 prohiberet,
401 1191 537 1245 Demetrii
556 1191 656 1244 castris
675 1207 726 1244 sua
744 1192 868 1259 opponit.

103 1276 161 1325 111.
181 1271 206 1324 A
224 1272 305 1340 patre
328 1270 488 1325 admonitus
512 1270 670 1325 Demetrius
693 1274 725 1325 ut
749 1272 844 1339 copias
865 1273 895 1325 in
914 1274 1010 1326 Asiam
1029 1276 1120 1328 trans-

207 1352 345 1418 mitteret,
364 1368 408 1404 res
428 1368 491 1405 cum
510 1350 651 1405 Casandro
671 1352 821 1420 componit.

242 1431 302 1485 Hoc
321 1435 447 1500 tempore
465 1430 658 1498 Mithridates,
678 1431 760 1486 Ponti
779 1449 839 1500 rex,
863 1437 989 1489 mortuus
1008 1436 1119 1489 Mithri-

99 1552 101 1558 .
208 1513 302 1566 datam
322 1527 506 1566 successorem
525 1511 633 1565 habuit.

102 1598 160 1646 112.
181 1591 322 1646 Casander
348 1594 414 1661 post
442 1592 578 1646 Demetrii
611 1593 762 1647 discessum
796 1594 923 1649 civitates
956 1594 1119 1650 Thessaliae

207 1675 354 1742 recuperat
379 1674 408 1726 et
432 1673 619 1727 Plistarchum
643 1690 706 1726 oum
729 1675 854 1728 exercitu
877 1676 906 1728 in
926 1675 1020 1730 Asiam
1039 1677 1119 1746 Lysi-

206 1753 305 1807 macho
334 1753 533 1808 auxiliaturum
560 1754 734 1808 transmittit.
783 1754 839 1809 Sed
869 1774 972 1826 magna
1004 1757 1118 1812 navium

206 1834 406 1902 hominumque
441 1851 505 1903 pars
543 1833 691 1903 naufragio
728 1833 821 1902 periit.
876 1835 966 1906 Aegre
1005 1839 1119 1892 emersit

203 1914 386 1972 Plistarchus.

102 2001 159 2048 113.
180 1995 221 2048 Ex
240 1996 369 2065 Aegypto
388 1995 564 2049 Ptolemaeus
582 1995 770 2049 incursionem
788 1996 818 2048 in
837 1995 946 2064 Syriam
966 1998 1048 2064 facit,
1068 2000 1118 2067 qui

206 2079 301 2130 tamen
329 2075 399 2130 falso
430 2077 564 2144 deceptus
592 2075 690 2129 nuntio
720 2075 754 2129 de
780 2076 914 2146 Antigoni
942 2078 1059 2131 victoria
1087 2079 1118 2132 in

206 2173 323 2226 regnum
343 2173 371 2211 se
390 2157 499 2224 recipit.
530 2157 621 2226 Reges
636 2155 740 2225 singuli
755 2156 850 2224 copias
865 2160 969 2226 cogunt
983 2157 1020 2210 ad
1035 2158 1117 2212 dimi-

207 2236 326 2290 candum
345 2237 473 2305 proxima
492 2239 600 2291 aestate
620 2237 654 2290 de
673 2252 764 2289 rerum
785 2253 898 2290 summa.
