<?xml version="1.0" encoding="UTF-8"?>
<!DOCTYPE html PUBLIC "-//W3C//DTD XHTML 1.0 Transitional//EN"
    "http://www.w3.org/TR/xhtml1/DTD/xhtml1-transitional.dtd">
<html xmlns="http://www.w3.org/1999/xhtml" xml:lang="en" lang="en">
 <head>
  <title>
</title>
<meta http-equiv="Content-Type" content="text/html;charset=utf-8" />
  <meta name='ocr-system' content='tesseract 3.04.00' />
  <meta name='ocr-capabilities' content='ocr_page ocr_carea ocr_par ocr_line ocrx_word'/>
</head>
<body>
  <div class='ocr_page' id='page_1' title='image "./diodoribiblioth00vogegoog/diodoribiblioth00vogegoog_0183.png"; bbox 0 0 2460 3848; ppageno 0'>
   <div class='ocr_carea' id='block_1_1' title="bbox 139 173 815 242">
    <p class='ocr_par' dir='ltr' id='par_1_1' title="bbox 139 173 815 242">
     <span class='ocr_line' id='line_1_1' title="bbox 139 173 815 242; baseline -0.018 -2"><span class='ocrx_word' id='word_1_1' title='bbox 139 176 202 242; x_wconf 81' lang='lat'><strong><em>158</em></strong></span> <span class='ocrx_word' id='word_1_2' title='bbox 480 173 815 229; x_wconf 80' lang='lat' dir='ltr'>Diodor.X1X101.102.</span> 
     </span>
    </p>
   </div>
   <div class='ocr_carea' id='block_1_2' title="bbox 56 318 1203 1902">
    <p class='ocr_par' dir='ltr' id='par_1_2' title="bbox 134 318 1203 1152">
     <span class='ocr_line' id='line_1_2' title="bbox 137 318 1158 406; baseline 0.002 -22"><span class='ocrx_word' id='word_1_3' title='bbox 137 321 184 395; x_wconf 87' lang='grc' dir='ltr'><strong><em>είς</em></strong></span> <span class='ocrx_word' id='word_1_4' title='bbox 210 319 272 403; x_wconf 80' lang='grc' dir='ltr'><strong><em>τήν</em></strong></span> <span class='ocrx_word' id='word_1_5' title='bbox 300 319 427 403; x_wconf 80' lang='grc' dir='ltr'><strong><em>ἀγοράν</em></strong></span> <span class='ocrx_word' id='word_1_6' title='bbox 456 319 617 405; x_wconf 75' lang='grc' dir='ltr'><strong><em>ῥαβδίσας</em></strong></span> <span class='ocrx_word' id='word_1_7' title='bbox 644 318 818 403; x_wconf 78' lang='grc' dir='ltr'><strong><em>ἐπελέκησε</em></strong></span> <span class='ocrx_word' id='word_1_8' title='bbox 845 321 928 385; x_wconf 90' lang='grc' dir='ltr'><strong><em>κατδι</em></strong></span> <span class='ocrx_word' id='word_1_9' title='bbox 955 321 992 385; x_wconf 88' lang='grc' dir='ltr'><strong><em>τὸ</em></strong></span> <span class='ocrx_word' id='word_1_10' title='bbox 1016 320 1158 406; x_wconf 89' lang='grc' dir='ltr'><strong><em>πάτριον</em></strong></span> 
     </span>
     <span class='ocr_line' id='line_1_3' title="bbox 136 423 1158 512; baseline 0.004 -22"><span class='ocrx_word' id='word_1_11' title='bbox 136 423 224 503; x_wconf 79' lang='grc' dir='ltr'><strong><em>ἔθος.</em></strong></span> <span class='ocrx_word' id='word_1_12' title='bbox 270 427 340 507; x_wconf 85' lang='grc' dir='ltr'><strong><em>μετ’</em></strong></span> <span class='ocrx_word' id='word_1_13' title='bbox 357 425 473 509; x_wconf 81' lang='grc' dir='ltr'><strong><em>ὀλίγον</em></strong></span> <span class='ocrx_word' id='word_1_14' title='bbox 500 425 538 490; x_wconf 79' lang='grc' dir='ltr'><strong><em>δὲ</em></strong></span> <span class='ocrx_word' id='word_1_15' title='bbox 565 425 717 510; x_wconf 76' lang='grc' dir='ltr'><strong><em>ἐμβαλὼν</em></strong></span> <span class='ocrx_word' id='word_1_16' title='bbox 740 427 787 503; x_wconf 87' lang='grc' dir='ltr'><strong><em>είς</em></strong></span> <span class='ocrx_word' id='word_1_17' title='bbox 815 428 967 512; x_wconf 78' lang='grc' dir='ltr'><strong><em>τὴντῶν</em></strong></span> <span class='ocrx_word' id='word_1_18' title='bbox 989 430 1158 510; x_wconf 91' lang='grc' dir='ltr'><strong><em>πολεμίων</em></strong></span> 
     </span>
     <span class='ocr_line' id='line_1_4' title="bbox 134 532 1158 619; baseline 0.003 -21"><span class='ocrx_word' id='word_1_19' title='bbox 134 533 247 619; x_wconf 86' lang='grc' dir='ltr'><strong><em>χώραν</em></strong></span> <span class='ocrx_word' id='word_1_20' title='bbox 269 535 442 599; x_wconf 78' lang='grc' dir='ltr'><strong><em>Καλατίαν</em></strong></span> <span class='ocrx_word' id='word_1_21' title='bbox 468 533 524 598; x_wconf 86' lang='grc' dir='ltr'><strong><em>καλ</em></strong></span> <span class='ocrx_word' id='word_1_22' title='bbox 550 535 613 618; x_wconf 84' lang='grc' dir='ltr'><strong><em>τήν</em></strong></span> <span class='ocrx_word' id='word_1_23' title='bbox 635 532 810 598; x_wconf 80' lang='grc' dir='ltr'><strong><em>Νωλάνων</em></strong></span> <span class='ocrx_word' id='word_1_24' title='bbox 838 535 1021 619; x_wconf 83' lang='grc' dir='ltr'><strong><em>ἀκρόπολιν</em></strong></span> <span class='ocrx_word' id='word_1_25' title='bbox 1046 533 1158 613; x_wconf 78' lang='grc' dir='ltr'><strong><em>ἐξεπο-</em></strong></span> 
     </span>
     <span class='ocr_line' id='line_1_5' title="bbox 136 639 1158 726; baseline 0.003 -22"><span class='ocrx_word' id='word_1_26' title='bbox 136 641 312 726; x_wconf 86' lang='grc' dir='ltr'><strong><em>λιόρκησεν</em></strong></span> <span class='ocrx_word' id='word_1_27' title='bbox 333 640 389 706; x_wconf 81' lang='grc' dir='ltr'><strong><em>καλ</em></strong></span> <span class='ocrx_word' id='word_1_28' title='bbox 412 639 574 726; x_wconf 83' lang='grc' dir='ltr'><strong><em>λαφύρων</em></strong></span> <span class='ocrx_word' id='word_1_29' title='bbox 596 639 658 723; x_wconf 81' lang='grc' dir='ltr'><strong><em>μὲν</em></strong></span> <span class='ocrx_word' id='word_1_30' title='bbox 680 645 811 725; x_wconf 76' lang='grc' dir='ltr'><strong><em>πλῆθος</em></strong></span> <span class='ocrx_word' id='word_1_31' title='bbox 836 640 994 725; x_wconf 86' lang='grc' dir='ltr'><strong><em>άπέδοτο,</em></strong></span> <span class='ocrx_word' id='word_1_32' title='bbox 1021 651 1092 719; x_wconf 79' lang='grc' dir='ltr'><strong><em>τοῖς</em></strong></span> <span class='ocrx_word' id='word_1_33' title='bbox 1119 642 1158 707; x_wconf 79' lang='grc' dir='ltr'><strong><em>δὲ</em></strong></span> 
     </span>
     <span class='ocr_line' id='line_1_6' title="bbox 135 746 1203 834; baseline -0.002 -23"><span class='ocrx_word' id='word_1_34' title='bbox 135 747 348 832; x_wconf 81' lang='grc' dir='ltr'><strong><em>στρατιώταις</em></strong></span> <span class='ocrx_word' id='word_1_35' title='bbox 370 748 499 831; x_wconf 85' lang='grc' dir='ltr'><strong><em>πολλήν</em></strong></span> <span class='ocrx_word' id='word_1_36' title='bbox 517 757 575 831; x_wconf 84' lang='grc' dir='ltr'><strong><em>τής</em></strong></span> <span class='ocrx_word' id='word_1_37' title='bbox 595 746 704 832; x_wconf 86' lang='grc' dir='ltr'><strong><em>χώρας</em></strong></span> <span class='ocrx_word' id='word_1_38' title='bbox 726 748 1040 834; x_wconf 80' lang='grc' dir='ltr'><strong><em>κατεκληρούχησεν.</em></strong></span> <span class='ocrx_word' id='word_1_39' title='bbox 1077 747 1095 813; x_wconf 85' lang='grc' dir='ltr'>ὁ</span> <span class='ocrx_word' id='word_1_40' title='bbox 1119 748 1203 814; x_wconf 61' lang='lat' dir='ltr'><strong><em>‹II-⁶</em></strong></span> 
     </span>
     <span class='ocr_line' id='line_1_7' title="bbox 135 853 1157 943; baseline 0.003 -26"><span class='ocrx_word' id='word_1_41' title='bbox 135 854 252 937; x_wconf 83' lang='grc' dir='ltr'><strong><em>δήμος,</em></strong></span> <span class='ocrx_word' id='word_1_42' title='bbox 279 854 362 918; x_wconf 90' lang='grc' dir='ltr'><strong><em>κατδι</em></strong></span> <span class='ocrx_word' id='word_1_43' title='bbox 389 862 474 919; x_wconf 85' lang='grc' dir='ltr'><strong><em>νοῦν</em></strong></span> <span class='ocrx_word' id='word_1_44' title='bbox 500 864 568 918; x_wconf 83' lang='grc' dir='ltr'><strong><em>τῶν</em></strong></span> <span class='ocrx_word' id='word_1_45' title='bbox 595 853 798 939; x_wconf 77' lang='grc' dir='ltr'><strong><em>πραγμάτων</em></strong></span> <span class='ocrx_word' id='word_1_46' title='bbox 825 855 914 943; x_wconf 77' lang='grc' dir='ltr'><strong><em>αὐτῷ</em></strong></span> <span class='ocrx_word' id='word_1_47' title='bbox 943 854 1157 941; x_wconf 80' lang='grc' dir='ltr'><strong><em>προχωρούν-</em></strong></span> 
     </span>
     <span class='ocr_line' id='line_1_8' title="bbox 134 959 1157 1046; baseline 0.003 -22"><span class='ocrx_word' id='word_1_48' title='bbox 134 983 211 1044; x_wconf 87' lang='grc' dir='ltr'><strong><em>των,</em></strong></span> <span class='ocrx_word' id='word_1_49' title='bbox 240 961 396 1026; x_wconf 78' lang='grc' dir='ltr'><strong><em>ἀποικίαν</em></strong></span> <span class='ocrx_word' id='word_1_50' title='bbox 419 959 611 1026; x_wconf 89' lang='grc' dir='ltr'><strong><em>άπέστειλεν</em></strong></span> <span class='ocrx_word' id='word_1_51' title='bbox 635 962 682 1038; x_wconf 87' lang='grc' dir='ltr'><strong><em>είς</em></strong></span> <span class='ocrx_word' id='word_1_52' title='bbox 708 962 770 1046; x_wconf 85' lang='grc' dir='ltr'><strong><em>τήν</em></strong></span> <span class='ocrx_word' id='word_1_53' title='bbox 792 972 897 1046; x_wconf 84' lang='grc' dir='ltr'><strong><em>νήσου</em></strong></span> <span class='ocrx_word' id='word_1_54' title='bbox 920 963 982 1046; x_wconf 82' lang='grc' dir='ltr'><strong><em>τήν</em></strong></span> <span class='ocrx_word' id='word_1_55' title='bbox 1004 964 1157 1028; x_wconf 89' lang='grc' dir='ltr'><strong><em>Ποντίαν</em></strong></span> 
     </span>
     <span class='ocr_line' id='line_1_9' title="bbox 134 1066 351 1152; baseline -0.005 -19"><span class='ocrx_word' id='word_1_56' title='bbox 134 1066 351 1152; x_wconf 89' lang='grc' dir='ltr'><strong><em>καλουμένην.</em></strong></span> 
     </span>
    </p>

    <p class='ocr_par' dir='ltr' id='par_1_3' title="bbox 56 1173 1202 1582">
     <span class='ocr_line' id='line_1_10' title="bbox 56 1173 1157 1262; baseline 0.005 -26"><span class='ocrx_word' id='word_1_57' title='bbox 56 1173 120 1238; x_wconf 76' lang='lat'><strong><em>102</em></strong></span> <span class='ocrx_word' id='word_1_58' title='bbox 204 1175 260 1240; x_wconf 80' lang='grc' dir='ltr'><strong><em>Ἐν</em></strong></span> <span class='ocrx_word' id='word_1_59' title='bbox 288 1174 326 1239; x_wconf 75' lang='grc' dir='ltr'><strong><em>δὲ</em></strong></span> <span class='ocrx_word' id='word_1_60' title='bbox 353 1183 393 1260; x_wconf 79' lang='grc' dir='ltr'><strong><em>τῇ</em></strong></span> <span class='ocrx_word' id='word_1_61' title='bbox 421 1176 561 1262; x_wconf 79' lang='grc' dir='ltr'><strong><em>Σικελία</em></strong></span> <span class='ocrx_word' id='word_1_62' title='bbox 588 1185 646 1260; x_wconf 86' lang='grc' dir='ltr'><strong><em>τής</em></strong></span> <span class='ocrx_word' id='word_1_63' title='bbox 673 1177 806 1261; x_wconf 77' lang='grc' dir='ltr'><strong><em>εἰρήνης</em></strong></span> <span class='ocrx_word' id='word_1_64' title='bbox 833 1176 908 1261; x_wconf 86' lang='grc' dir='ltr'><strong><em>άρτι</em></strong></span> <span class='ocrx_word' id='word_1_65' title='bbox 935 1174 1157 1260; x_wconf 76' lang='grc' dir='ltr'><strong><em>γεγενημένης</em></strong></span> 
     </span>
     <span class='ocr_line' id='line_1_11' title="bbox 131 1277 1202 1368; baseline -0.004 -21"><span class='ocrx_word' id='word_1_66' title='bbox 131 1277 329 1365; x_wconf 76' lang='grc' dir='ltr'><strong><em>Ἀγαθοκλεῖ</em></strong></span> <span class='ocrx_word' id='word_1_67' title='bbox 351 1283 434 1368; x_wconf 89' lang='grc' dir='ltr'><strong><em>πρὸς</em></strong></span> <span class='ocrx_word' id='word_1_68' title='bbox 459 1284 538 1358; x_wconf 86' lang='grc' dir='ltr'><strong><em>τοὺς</em></strong></span> <span class='ocrx_word' id='word_1_69' title='bbox 560 1282 761 1359; x_wconf 83' lang='grc' dir='ltr'><strong><em>Σικελιώτας</em></strong></span> <span class='ocrx_word' id='word_1_70' title='bbox 784 1284 872 1367; x_wconf 84' lang='grc' dir='ltr'><strong><em>πλήν</em></strong></span> <span class='ocrx_word' id='word_1_71' title='bbox 894 1285 1100 1367; x_wconf 88' lang='grc' dir='ltr'><strong><em>Μεσσηνίων</em></strong></span> <span class='ocrx_word' id='word_1_72' title='bbox 1123 1284 1157 1348; x_wconf 78' lang='grc' dir='ltr'><strong><em>ολ</em></strong></span> <span class='ocrx_word' id='word_1_73' title='bbox 1176 1305 1202 1344; x_wconf 82' lang='grc' dir='ltr'><strong><em>ιο</em></strong></span> 
     </span>
     <span class='ocr_line' id='line_1_12' title="bbox 134 1388 1156 1475; baseline 0.002 -22"><span class='ocrx_word' id='word_1_74' title='bbox 134 1388 195 1470; x_wconf 78' lang='grc' dir='ltr'><strong><em>μὲν</em></strong></span> <span class='ocrx_word' id='word_1_75' title='bbox 226 1389 374 1474; x_wconf 77' lang='grc' dir='ltr'><strong><em>φυγάδες</em></strong></span> <span class='ocrx_word' id='word_1_76' title='bbox 403 1399 471 1455; x_wconf 81' lang='grc' dir='ltr'><strong><em>τῶν</em></strong></span> <span class='ocrx_word' id='word_1_77' title='bbox 498 1391 721 1475; x_wconf 90' lang='grc' dir='ltr'><strong><em>Συρακοσίων</em></strong></span> <span class='ocrx_word' id='word_1_78' title='bbox 749 1389 988 1475; x_wconf 80' lang='grc' dir='ltr'><strong><em>ἠθροίσθησαν</em></strong></span> <span class='ocrx_word' id='word_1_79' title='bbox 1018 1391 1064 1467; x_wconf 90' lang='grc' dir='ltr'><strong><em>είς</em></strong></span> <span class='ocrx_word' id='word_1_80' title='bbox 1094 1391 1156 1474; x_wconf 85' lang='grc' dir='ltr'><strong><em>τήν</em></strong></span> 
     </span>
     <span class='ocr_line' id='line_1_13' title="bbox 133 1490 1156 1582; baseline 0.001 -21"><span class='ocrx_word' id='word_1_81' title='bbox 133 1499 329 1580; x_wconf 83' lang='grc' dir='ltr'><strong><em>Μεσσήνην,</em></strong></span> <span class='ocrx_word' id='word_1_82' title='bbox 359 1496 484 1580; x_wconf 92' lang='grc' dir='ltr'><strong><em>ταύτην</em></strong></span> <span class='ocrx_word' id='word_1_83' title='bbox 511 1495 654 1582; x_wconf 80' lang='grc' dir='ltr'><strong><em>δρῶντες</em></strong></span> <span class='ocrx_word' id='word_1_84' title='bbox 681 1498 802 1581; x_wconf 81' lang='grc' dir='ltr'><strong><em>λοιπήν</em></strong></span> <span class='ocrx_word' id='word_1_85' title='bbox 830 1490 936 1562; x_wconf 81' lang='grc' dir='ltr'><strong><em>οὖσαν</em></strong></span> <span class='ocrx_word' id='word_1_86' title='bbox 962 1506 1031 1561; x_wconf 84' lang='grc' dir='ltr'><strong><em>τών</em></strong></span> <span class='ocrx_word' id='word_1_87' title='bbox 1058 1493 1156 1562; x_wconf 90' lang='grc' dir='ltr'><strong><em>άλλο-</em></strong></span> 
     </span>
    </p>

    <p class='ocr_par' dir='ltr' id='par_1_4' title="bbox 97 1601 1201 1902">
     <span class='ocr_line' id='line_1_14' title="bbox 97 1601 1155 1689; baseline 0.001 -21"><span class='ocrx_word' id='word_1_88' title='bbox 97 1604 232 1689; x_wconf 75' lang='grc' dir='ltr'><strong><em>ετρίως</em></strong></span> <span class='ocrx_word' id='word_1_89' title='bbox 262 1601 411 1687; x_wconf 81' lang='grc' dir='ltr'><strong><em>ἐχουσῶν</em></strong></span> <span class='ocrx_word' id='word_1_90' title='bbox 440 1604 524 1688; x_wconf 88' lang='grc' dir='ltr'><strong><em>πρὸς</em></strong></span> <span class='ocrx_word' id='word_1_91' title='bbox 553 1604 613 1668; x_wconf 89' lang='grc' dir='ltr'><strong><em>τὸν</em></strong></span> <span class='ocrx_word' id='word_1_92' title='bbox 640 1603 820 1687; x_wconf 91' lang='grc' dir='ltr'><strong><em>δυνάστην,</em></strong></span> <span class='ocrx_word' id='word_1_93' title='bbox 850 1602 868 1668; x_wconf 85' lang='grc' dir='ltr'>ὁ</span> <span class='ocrx_word' id='word_1_94' title='bbox 899 1604 931 1667; x_wconf 89' lang='grc' dir='ltr'><strong><em>δ’</em></strong></span> <span class='ocrx_word' id='word_1_95' title='bbox 951 1606 1155 1688; x_wconf 76' lang='grc' dir='ltr'><strong><em>Ἀγαθοκλῆς</em></strong></span> 
     </span>
     <span class='ocr_line' id='line_1_15' title="bbox 133 1709 1155 1796; baseline 0.002 -23"><span class='ocrx_word' id='word_1_96' title='bbox 133 1709 289 1774; x_wconf 82' lang='grc' dir='ltr'><strong><em>σπεύδων</em></strong></span> <span class='ocrx_word' id='word_1_97' title='bbox 303 1709 414 1774; x_wconf 78' lang='grc' dir='ltr'><strong><em>αὐτῶν</em></strong></span> <span class='ocrx_word' id='word_1_98' title='bbox 427 1713 609 1775; x_wconf 87' lang='grc' dir='ltr'><strong><em>καταλῦσαι</em></strong></span> <span class='ocrx_word' id='word_1_99' title='bbox 625 1712 662 1776; x_wconf 89' lang='grc' dir='ltr'><strong><em>τὸ</em></strong></span> <span class='ocrx_word' id='word_1_100' title='bbox 682 1710 832 1794; x_wconf 81' lang='grc' dir='ltr'><strong><em>σύστημα</em></strong></span> <span class='ocrx_word' id='word_1_101' title='bbox 846 1711 1041 1794; x_wconf 87' lang='grc' dir='ltr'><strong><em>Πασίφιλον</em></strong></span> <span class='ocrx_word' id='word_1_102' title='bbox 1058 1727 1155 1796; x_wconf 91' lang='grc' dir='ltr'><strong><em>στρα-</em></strong></span> 
     </span>
     <span class='ocr_line' id='line_1_16' title="bbox 131 1814 1201 1902; baseline -0.002 -22"><span class='ocrx_word' id='word_1_103' title='bbox 131 1817 235 1899; x_wconf 91' lang='grc' dir='ltr'><strong><em>τηγὸν</em></strong></span> <span class='ocrx_word' id='word_1_104' title='bbox 262 1814 466 1894; x_wconf 80' lang='grc' dir='ltr'><strong><em>ἐξαπέστειλε</em></strong></span> <span class='ocrx_word' id='word_1_105' title='bbox 493 1818 574 1898; x_wconf 88' lang='grc' dir='ltr'><strong><em>μετά</em></strong></span> <span class='ocrx_word' id='word_1_106' title='bbox 602 1816 774 1900; x_wconf 91' lang='grc' dir='ltr'><strong><em>δυνάμεως</em></strong></span> <span class='ocrx_word' id='word_1_107' title='bbox 801 1818 848 1894; x_wconf 88' lang='grc' dir='ltr'><strong><em>είς</em></strong></span> <span class='ocrx_word' id='word_1_108' title='bbox 874 1818 936 1901; x_wconf 84' lang='grc' dir='ltr'><strong><em>τήν</em></strong></span> <span class='ocrx_word' id='word_1_109' title='bbox 958 1821 1155 1902; x_wconf 87' lang='grc' dir='ltr'><strong><em>Μεσσήνην,</em></strong></span> <span class='ocrx_word' id='word_1_110' title='bbox 1174 1837 1201 1878; x_wconf 82' lang='grc' dir='ltr'><strong><em>ιι</em></strong></span> 
     </span>
    </p>
   </div>
   <div class='ocr_carea' id='block_1_3' title="bbox 96 1919 1207 2544">
    <p class='ocr_par' dir='ltr' id='par_1_5' title="bbox 97 1919 1155 2016">
     <span class='ocr_line' id='line_1_17' title="bbox 97 1919 1155 2016; baseline 0.001 -27"><span class='ocrx_word' id='word_1_111' title='bbox 97 1941 113 1989; x_wconf 83' lang='lat'><strong>3</strong></span> <span class='ocrx_word' id='word_1_112' title='bbox 132 1921 360 2005; x_wconf 81' lang='grc' dir='ltr'><strong><em>ἐντειλάμενος</em></strong></span> <span class='ocrx_word' id='word_1_113' title='bbox 383 1921 420 1988; x_wconf 83' lang='grc' dir='ltr'><strong><em>έν</em></strong></span> <span class='ocrx_word' id='word_1_114' title='bbox 444 1920 645 2009; x_wconf 84' lang='grc' dir='ltr'><strong><em>ἀπορρήτοις</em></strong></span> <span class='ocrx_word' id='word_1_115' title='bbox 668 1923 688 1989; x_wconf 83' lang='grc' dir='ltr'><strong><em>δ</em></strong></span> <span class='ocrx_word' id='word_1_116' title='bbox 711 1925 773 2009; x_wconf 83' lang='grc' dir='ltr'><strong><em>χρή</em></strong></span> <span class='ocrx_word' id='word_1_117' title='bbox 795 1923 958 2016; x_wconf 91' lang='grc' dir='ltr'><strong><em>πράττειν.</em></strong></span> <span class='ocrx_word' id='word_1_118' title='bbox 997 1919 1094 2001; x_wconf 82' lang='grc' dir='ltr'><strong><em>οὗτος</em></strong></span> <span class='ocrx_word' id='word_1_119' title='bbox 1117 1925 1155 1990; x_wconf 76' lang='grc' dir='ltr'><strong><em>δὲ</em></strong></span> 
     </span>
    </p>

    <p class='ocr_par' dir='ltr' id='par_1_6' title="bbox 106 2029 1199 2434">
     <span class='ocr_line' id='line_1_18' title="bbox 106 2029 1155 2116; baseline -0.004 -16"><span class='ocrx_word' id='word_1_120' title='bbox 106 2030 389 2115; x_wconf 82' lang='grc' dir='ltr'><strong><em>,ἀπροσδοκήτως</em></strong></span> <span class='ocrx_word' id='word_1_121' title='bbox 425 2029 578 2114; x_wconf 76' lang='grc' dir='ltr'><strong><em>ἐμβαλών</em></strong></span> <span class='ocrx_word' id='word_1_122' title='bbox 609 2032 657 2108; x_wconf 88' lang='grc' dir='ltr'><strong><em>είς</em></strong></span> <span class='ocrx_word' id='word_1_123' title='bbox 689 2032 751 2115; x_wconf 82' lang='grc' dir='ltr'><strong><em>τήν</em></strong></span> <span class='ocrx_word' id='word_1_124' title='bbox 782 2031 895 2116; x_wconf 86' lang='grc' dir='ltr'><strong><em>χώραν</em></strong></span> <span class='ocrx_word' id='word_1_125' title='bbox 928 2031 985 2096; x_wconf 80' lang='grc' dir='ltr'><strong><em>καὶ</em></strong></span> <span class='ocrx_word' id='word_1_126' title='bbox 1020 2036 1155 2096; x_wconf 79' lang='grc' dir='ltr'><strong><em>πολλῶν</em></strong></span> 
     </span>
     <span class='ocr_line' id='line_1_19' title="bbox 133 2135 1155 2222; baseline 0 -20"><span class='ocrx_word' id='word_1_127' title='bbox 133 2137 348 2221; x_wconf 76' lang='grc' dir='ltr'><strong><em>αἰχμαλώτων</em></strong></span> <span class='ocrx_word' id='word_1_128' title='bbox 377 2137 432 2202; x_wconf 86' lang='grc' dir='ltr'><strong><em>καλ</em></strong></span> <span class='ocrx_word' id='word_1_129' title='bbox 460 2147 518 2222; x_wconf 84' lang='grc' dir='ltr'><strong><em>τής</em></strong></span> <span class='ocrx_word' id='word_1_130' title='bbox 545 2138 646 2221; x_wconf 87' lang='grc' dir='ltr'><strong><em>άλλης</em></strong></span> <span class='ocrx_word' id='word_1_131' title='bbox 674 2139 764 2214; x_wconf 89' lang='grc' dir='ltr'><strong><em>λείας</em></strong></span> <span class='ocrx_word' id='word_1_132' title='bbox 790 2135 949 2222; x_wconf 83' lang='grc' dir='ltr'><strong><em>ἐγκρατής</em></strong></span> <span class='ocrx_word' id='word_1_133' title='bbox 976 2139 1155 2221; x_wconf 88' lang='grc' dir='ltr'><strong><em>γενόμενος</em></strong></span> 
     </span>
     <span class='ocr_line' id='line_1_20' title="bbox 131 2241 1154 2329; baseline 0.003 -22"><span class='ocrx_word' id='word_1_134' title='bbox 131 2241 227 2327; x_wconf 86' lang='grc' dir='ltr'><strong><em>ήξίον</em></strong></span> <span class='ocrx_word' id='word_1_135' title='bbox 260 2245 338 2319; x_wconf 87' lang='grc' dir='ltr'><strong><em>τοὺς</em></strong></span> <span class='ocrx_word' id='word_1_136' title='bbox 367 2246 584 2327; x_wconf 86' lang='grc' dir='ltr'><strong><em>Μεσσηνίους</em></strong></span> <span class='ocrx_word' id='word_1_137' title='bbox 616 2244 824 2326; x_wconf 83' lang='grc' dir='ltr'><strong><em>*βούλεσθαι</em></strong></span> <span class='ocrx_word' id='word_1_138' title='bbox 856 2246 917 2329; x_wconf 82' lang='grc' dir='ltr'><strong><em>τήν</em></strong></span> <span class='ocrx_word' id='word_1_139' title='bbox 949 2245 1067 2329; x_wconf 93' lang='grc' dir='ltr'><strong><em>φιλίαν</em></strong></span> <span class='ocrx_word' id='word_1_140' title='bbox 1098 2245 1154 2310; x_wconf 81' lang='grc' dir='ltr'><strong><em>καλ</em></strong></span> 
     </span>
     <span class='ocr_line' id='line_1_21' title="bbox 132 2350 1199 2434; baseline -0.002 -20"><span class='ocrx_word' id='word_1_141' title='bbox 132 2351 175 2434; x_wconf 84' lang='grc' dir='ltr'><strong><em>μή</em></strong></span> <span class='ocrx_word' id='word_1_142' title='bbox 209 2350 519 2434; x_wconf 81' lang='grc' dir='ltr'><strong><em>συναναγκάζεσθαι</em></strong></span> <span class='ocrx_word' id='word_1_143' title='bbox 550 2359 621 2427; x_wconf 83' lang='grc' dir='ltr'><strong><em>τοῖς</em></strong></span> <span class='ocrx_word' id='word_1_144' title='bbox 653 2350 908 2433; x_wconf 89' lang='grc' dir='ltr'><strong><em>πολεμιωτάτοις</em></strong></span> <span class='ocrx_word' id='word_1_145' title='bbox 942 2351 1045 2416; x_wconf 84' lang='grc' dir='ltr'><strong><em>αὐτοῦ</em></strong></span> <span class='ocrx_word' id='word_1_146' title='bbox 1082 2352 1153 2417; x_wconf 90' lang='grc' dir='ltr'><strong><em>δια-</em></strong></span> <span class='ocrx_word' id='word_1_147' title='bbox 1172 2371 1199 2412; x_wconf 84' lang='grc' dir='ltr'><strong><em>εο</em></strong></span> 
     </span>
    </p>

    <p class='ocr_par' dir='ltr' id='par_1_7' title="bbox 96 2455 1207 2544">
     <span class='ocr_line' id='line_1_22' title="bbox 96 2455 1207 2544; baseline 0.002 -21"><span class='ocrx_word' id='word_1_148' title='bbox 96 2475 113 2523; x_wconf 86' lang='grc'>4</span> <span class='ocrx_word' id='word_1_149' title='bbox 132 2457 283 2522; x_wconf 86' lang='grc' dir='ltr'><strong><em>λύεσθαι.</em></strong></span> <span class='ocrx_word' id='word_1_150' title='bbox 320 2457 353 2522; x_wconf 90' lang='grc' dir='ltr'><strong><em>ολ</em></strong></span> <span class='ocrx_word' id='word_1_151' title='bbox 371 2456 409 2522; x_wconf 77' lang='grc' dir='ltr'><strong><em>δὲ</em></strong></span> <span class='ocrx_word' id='word_1_152' title='bbox 427 2460 616 2541; x_wconf 89' lang='grc' dir='ltr'><strong><em>Μεσσήνιοι</em></strong></span> <span class='ocrx_word' id='word_1_153' title='bbox 635 2459 793 2540; x_wconf 76' lang='grc' dir='ltr'><strong><em>λαβόντες</em></strong></span> <span class='ocrx_word' id='word_1_154' title='bbox 811 2455 947 2535; x_wconf 82' lang='grc' dir='ltr'><strong><em>ἐλπίδας</em></strong></span> <span class='ocrx_word' id='word_1_155' title='bbox 969 2466 1029 2523; x_wconf 85' lang='grc' dir='ltr'><strong><em>τοῦ</em></strong></span> <span class='ocrx_word' id='word_1_156' title='bbox 1048 2457 1207 2544; x_wconf 72' lang='grc' dir='ltr'><strong><em>χωρλςοοι</em></strong></span> 
     </span>
    </p>
   </div>
   <div class='ocr_carea' id='block_1_4' title="bbox 48 2680 1153 3612">
    <p class='ocr_par' dir='ltr' id='par_1_8' title="bbox 48 2680 1153 3612">
     <span class='ocr_line' id='line_1_23' title="bbox 202 2680 1151 2756; baseline 0.004 -19"><span class='ocrx_word' id='word_1_157' title='bbox 202 2683 219 2737; x_wconf 92' lang='lat'>1</span> <span class='ocrx_word' id='word_1_158' title='bbox 243 2680 385 2752; x_wconf 80' lang='grc' dir='ltr'><strong><em>έπιλέκησε</em></strong></span> <span class='ocrx_word' id='word_1_159' title='bbox 408 2684 443 2750; x_wconf 76' lang='lat' dir='ltr'><strong><em>F;</em></strong></span> <span class='ocrx_word' id='word_1_160' title='bbox 469 2685 569 2739; x_wconf 81' lang='lat' dir='ltr'>melius</span> <span class='ocrx_word' id='word_1_161' title='bbox 594 2682 732 2740; x_wconf 80' lang='grc' dir='ltr'><strong><em>ἐπελέκισε</em></strong></span> <span class='ocrx_word' id='word_1_162' title='bbox 755 2685 786 2740; x_wconf 92' lang='grc' dir='ltr'><strong><em>Ρ.</em></strong></span> <span class='ocrx_word' id='word_1_163' title='bbox 806 2685 899 2741; x_wconf 77' lang='lat' dir='ltr'>Faber</span> <span class='ocrx_word' id='word_1_164' title='bbox 923 2685 1048 2756; x_wconf 89' lang='lat' dir='ltr'>(XXXVI</span> <span class='ocrx_word' id='word_1_165' title='bbox 1072 2693 1097 2755; x_wconf 74' lang='grc' dir='ltr'><strong><em>λ,</em></strong></span> <span class='ocrx_word' id='word_1_166' title='bbox 1115 2690 1151 2756; x_wconf 83' lang='grc'><strong><em>4).</em></strong></span> 
     </span>
     <span class='ocr_line' id='line_1_24' title="bbox 131 2752 1151 2827; baseline 0.006 -19"><span class='ocrx_word' id='word_1_167' title='bbox 131 2754 149 2808; x_wconf 79' lang='lat'><strong>3</strong></span> <span class='ocrx_word' id='word_1_168' title='bbox 167 2752 324 2826; x_wconf 86' lang='grc' dir='ltr'><strong><em>Καλατίαν]</em></strong></span> <span class='ocrx_word' id='word_1_169' title='bbox 349 2755 449 2824; x_wconf 78' lang='lat' dir='ltr'>scripsi</span> <span class='ocrx_word' id='word_1_170' title='bbox 472 2772 536 2810; x_wconf 81' lang='lat' dir='ltr'><strong><em>cum</em></strong></span> <span class='ocrx_word' id='word_1_171' title='bbox 555 2754 681 2812; x_wconf 79' lang='lat' dir='ltr'>Cluverio</span> <span class='ocrx_word' id='word_1_172' title='bbox 700 2759 729 2811; x_wconf 79' lang='lat' dir='ltr'><strong><em>et</em></strong></span> <span class='ocrx_word' id='word_1_173' title='bbox 747 2756 876 2812; x_wconf 85' lang='lat' dir='ltr'>omnibus</span> <span class='ocrx_word' id='word_1_174' title='bbox 897 2758 956 2813; x_wconf 80' lang='lat' dir='ltr'>fere</span> <span class='ocrx_word' id='word_1_175' title='bbox 978 2775 1019 2813; x_wconf 83' lang='lat' dir='ltr'><strong><em>vv.</em></strong></span> <span class='ocrx_word' id='word_1_176' title='bbox 1038 2758 1084 2813; x_wconf 88' lang='lat' dir='ltr'><strong><em>dd.</em></strong></span> <span class='ocrx_word' id='word_1_177' title='bbox 1104 2760 1151 2827; x_wconf 81' lang='lat' dir='ltr'><strong>(cf.</strong></span> 
     </span>
     <span class='ocr_line' id='line_1_25' title="bbox 131 2826 1151 2897; baseline 0.003 -17"><span class='ocrx_word' id='word_1_178' title='bbox 131 2826 189 2880; x_wconf 82' lang='lat' dir='ltr'>Liv.</span> <span class='ocrx_word' id='word_1_179' title='bbox 208 2826 247 2879; x_wconf 90' lang='lat' dir='ltr'><strong><em>IX</em></strong></span> <span class='ocrx_word' id='word_1_180' title='bbox 266 2831 313 2893; x_wconf 77' lang='lat'><strong><em>283</em></strong></span> <span class='ocrx_word' id='word_1_181' title='bbox 337 2827 418 2881; x_wconf 86' lang='lat' dir='ltr'>Diod.</span> <span class='ocrx_word' id='word_1_182' title='bbox 437 2826 488 2879; x_wconf 87' lang='lat' dir='ltr'><strong><em>XX</em></strong></span> <span class='ocrx_word' id='word_1_183' title='bbox 507 2833 550 2894; x_wconf 87' lang='grc'><strong><em>80,</em></strong></span> <span class='ocrx_word' id='word_1_184' title='bbox 566 2830 605 2896; x_wconf 85' lang='grc'><strong><em>1);</em></strong></span> <span class='ocrx_word' id='word_1_185' title='bbox 626 2829 675 2883; x_wconf 88' lang='grc' dir='ltr'><strong><em>καλ</em></strong></span> <span class='ocrx_word' id='word_1_186' title='bbox 694 2827 772 2883; x_wconf 85' lang='grc' dir='ltr'><strong><em>λείαν</em></strong></span> <span class='ocrx_word' id='word_1_187' title='bbox 790 2828 841 2883; x_wconf 82' lang='lat' dir='ltr'><strong><em>RX</em></strong></span> <span class='ocrx_word' id='word_1_188' title='bbox 859 2827 954 2883; x_wconf 87' lang='grc' dir='ltr'><strong><em>κελίαν</em></strong></span> <span class='ocrx_word' id='word_1_189' title='bbox 972 2830 994 2882; x_wconf 74' lang='lat' dir='ltr'><strong>F</strong></span> <span class='ocrx_word' id='word_1_190' title='bbox 1014 2830 1059 2897; x_wconf 86' lang='lat' dir='ltr'><strong>(cf.</strong></span> <span class='ocrx_word' id='word_1_191' title='bbox 1078 2830 1151 2884; x_wconf 75' lang='lat' dir='ltr'>Ptol.</span> 
     </span>
     <span class='ocr_line' id='line_1_26' title="bbox 48 2897 1153 2972; baseline 0.005 -21"><span class='ocrx_word' id='word_1_192' title='bbox 48 2905 55 2913; x_wconf 88' lang='lat'><em>&#39;</em></span> <span class='ocrx_word' id='word_1_193' title='bbox 131 2897 287 2967; x_wconf 79' lang='grc' dir='ltr'><strong><em>ΙΠ1,64);</em></strong></span> <span class='ocrx_word' id='word_1_194' title='bbox 311 2898 345 2951; x_wconf 81' lang='lat' dir='ltr'><strong><em>cf.</em></strong></span> <span class='ocrx_word' id='word_1_195' title='bbox 366 2898 521 2953; x_wconf 81' lang='lat' dir='ltr'><strong>Mommsen</strong></span> <span class='ocrx_word' id='word_1_196' title='bbox 544 2897 620 2954; x_wconf 80' lang='lat' dir='ltr'><strong>OJL.</strong></span> <span class='ocrx_word' id='word_1_197' title='bbox 639 2899 665 2952; x_wconf 99' lang='lat' dir='ltr'>X</span> <span class='ocrx_word' id='word_1_198' title='bbox 705 2905 786 2955; x_wconf 56' lang='lat' dir='ltr'><strong><em>,aba</em></strong></span> <span class='ocrx_word' id='word_1_199' title='bbox 836 2900 993 2972; x_wconf 88' lang='grc' dir='ltr'><strong><em>Νωλάνων]</em></strong></span> <span class='ocrx_word' id='word_1_200' title='bbox 1017 2899 1153 2957; x_wconf 89' lang='grc' dir='ltr'><strong><em>Νωλανοί</em></strong></span> 
     </span>
     <span class='ocr_line' id='line_1_27' title="bbox 130 2918 1151 3043; baseline 0.008 -22"><span class='ocrx_word' id='word_1_201' title='bbox 130 2967 259 3022; x_wconf 87' lang='lat' dir='ltr'>XXXVII</span> <span class='ocrx_word' id='word_1_202' title='bbox 278 2975 303 3036; x_wconf 79' lang='lat'><strong><em>2,</em></strong></span> <span class='ocrx_word' id='word_1_203' title='bbox 317 2975 342 3022; x_wconf 80' lang='lat'><strong><em>4.</em></strong></span> <span class='ocrx_word' id='word_1_204' title='bbox 417 2971 431 3024; x_wconf 76' lang='lat'><strong>7</strong></span> <span class='ocrx_word' id='word_1_205' title='bbox 450 2967 590 3043; x_wconf 89' lang='grc' dir='ltr'><strong><em>Ποντίαν]</em></strong></span> <span class='ocrx_word' id='word_1_206' title='bbox 613 2918 774 3026; x_wconf 67' lang='grc' dir='ltr'><strong><em>Ποτδδαιαν</em></strong></span> <span class='ocrx_word' id='word_1_207' title='bbox 792 2971 817 3024; x_wconf 84' lang='lat' dir='ltr'><strong>R</strong></span> <span class='ocrx_word' id='word_1_208' title='bbox 843 2975 923 3042; x_wconf 83' lang='lat' dir='ltr'><strong>(corr.</strong></span> <span class='ocrx_word' id='word_1_209' title='bbox 943 2979 967 3026; x_wconf 87' lang='lat'><strong><em>1.</em></strong></span> <span class='ocrx_word' id='word_1_210' title='bbox 981 2975 1029 3039; x_wconf 88' lang='lat' dir='ltr'><strong><em>m.)</em></strong></span> <span class='ocrx_word' id='word_1_211' title='bbox 1052 2973 1090 3040; x_wconf 90' lang='lat' dir='ltr'><strong><em>X;</em></strong></span> <span class='ocrx_word' id='word_1_212' title='bbox 1115 2973 1151 3028; x_wconf 87' lang='lat' dir='ltr'><strong><em>cf.</em></strong></span> 
     </span>
     <span class='ocr_line' id='line_1_28' title="bbox 131 3039 1150 3113; baseline 0.007 -21"><span class='ocrx_word' id='word_1_213' title='bbox 131 3040 189 3093; x_wconf 88' lang='lat' dir='ltr'>Liv.</span> <span class='ocrx_word' id='word_1_214' title='bbox 198 3039 237 3092; x_wconf 89' lang='lat' dir='ltr'><strong><em>IX</em></strong></span> <span class='ocrx_word' id='word_1_215' title='bbox 247 3045 295 3106; x_wconf 76' lang='lat'><strong><em>283</em></strong></span> <span class='ocrx_word' id='word_1_216' title='bbox 309 3040 412 3104; x_wconf 85' lang='grc' dir='ltr'><strong><em>εἰςτὰς</em></strong></span> <span class='ocrx_word' id='word_1_217' title='bbox 426 3041 528 3111; x_wconf 90' lang='grc' dir='ltr'><strong><em>νήσους</em></strong></span> <span class='ocrx_word' id='word_1_218' title='bbox 540 3042 591 3104; x_wconf 87' lang='grc' dir='ltr'><strong><em>τάς</em></strong></span> <span class='ocrx_word' id='word_1_219' title='bbox 599 3040 725 3105; x_wconf 88' lang='grc' dir='ltr'><strong><em>Ποντίας</em></strong></span> <span class='ocrx_word' id='word_1_220' title='bbox 739 3045 884 3112; x_wconf 75' lang='lat' dir='ltr'>exspectat</span> <span class='ocrx_word' id='word_1_221' title='bbox 892 3042 1006 3097; x_wconf 81' lang='lat' dir='ltr'>Klimke</span> <span class='ocrx_word' id='word_1_222' title='bbox 1015 3043 1033 3097; x_wconf 92' lang='lat' dir='ltr'><strong><em>l.</em></strong></span> <span class='ocrx_word' id='word_1_223' title='bbox 1042 3043 1060 3098; x_wconf 92' lang='lat' dir='ltr'><strong><em>l.</em></strong></span> <span class='ocrx_word' id='word_1_224' title='bbox 1070 3062 1097 3113; x_wconf 87' lang='lat' dir='ltr'><strong><em>p.</em></strong></span> <span class='ocrx_word' id='word_1_225' title='bbox 1107 3050 1150 3099; x_wconf 81' lang='lat'><strong><em>24.</em></strong></span> 
     </span>
     <span class='ocr_line' id='line_1_29' title="bbox 130 3110 1150 3185; baseline 0.007 -21"><span class='ocrx_word' id='word_1_226' title='bbox 130 3110 166 3165; x_wconf 86' lang='lat'><strong><em>10</em></strong></span> <span class='ocrx_word' id='word_1_227' title='bbox 185 3111 219 3165; x_wconf 84' lang='lat' dir='ltr'><strong><em>cf.</em></strong></span> <span class='ocrx_word' id='word_1_228' title='bbox 236 3110 301 3164; x_wconf 87' lang='lat' dir='ltr'><strong><em>XIX</em></strong></span> <span class='ocrx_word' id='word_1_229' title='bbox 315 3117 357 3180; x_wconf 75' lang='lat'><strong><em>71,</em></strong></span> <span class='ocrx_word' id='word_1_230' title='bbox 373 3119 397 3167; x_wconf 84' lang='lat'><strong><em>6.</em></strong></span> <span class='ocrx_word' id='word_1_231' title='bbox 452 3113 487 3168; x_wconf 82' lang='lat'><strong><em>13</em></strong></span> <span class='ocrx_word' id='word_1_232' title='bbox 506 3113 658 3185; x_wconf 88' lang='grc' dir='ltr'><strong><em>δυνάστην]</em></strong></span> <span class='ocrx_word' id='word_1_233' title='bbox 678 3111 815 3183; x_wconf 88' lang='grc' dir='ltr'><strong><em>δεσπότην</em></strong></span> <span class='ocrx_word' id='word_1_234' title='bbox 829 3115 859 3168; x_wconf 76' lang='lat' dir='ltr'><strong><em>F.</em></strong></span> <span class='ocrx_word' id='word_1_235' title='bbox 910 3114 946 3168; x_wconf 76' lang='lat'><strong><em>15</em></strong></span> <span class='ocrx_word' id='word_1_236' title='bbox 964 3112 1105 3169; x_wconf 83' lang='grc' dir='ltr'><strong><em>ἀπέστειλε</em></strong></span> <span class='ocrx_word' id='word_1_237' title='bbox 1119 3116 1150 3171; x_wconf 75' lang='lat' dir='ltr'><strong><em>F.</em></strong></span> 
     </span>
     <span class='ocr_line' id='line_1_30' title="bbox 130 3179 1152 3257; baseline 0.005 -21"><span class='ocrx_word' id='word_1_238' title='bbox 130 3181 166 3236; x_wconf 78' lang='lat' dir='ltr'><strong><em>1ss</em></strong></span> <span class='ocrx_word' id='word_1_239' title='bbox 188 3179 216 3236; x_wconf 91' lang='grc' dir='ltr'><strong><em>τί</em></strong></span> <span class='ocrx_word' id='word_1_240' title='bbox 237 3179 290 3252; x_wconf 77' lang='grc' dir='ltr'><strong><em>χρὴ</em></strong></span> <span class='ocrx_word' id='word_1_241' title='bbox 313 3202 359 3251; x_wconf 89' lang='grc' dir='ltr'><strong><em>πρ.</em></strong></span> <span class='ocrx_word' id='word_1_242' title='bbox 378 3184 408 3239; x_wconf 81' lang='lat' dir='ltr'><strong><em>F.</em></strong></span> <span class='ocrx_word' id='word_1_243' title='bbox 464 3183 550 3247; x_wconf 81' lang='grc' dir='ltr'><strong><em>ούτως</em></strong></span> <span class='ocrx_word' id='word_1_244' title='bbox 568 3185 599 3251; x_wconf 77' lang='grc' dir='ltr'><strong><em>Ρ,</em></strong></span> <span class='ocrx_word' id='word_1_245' title='bbox 623 3202 691 3240; x_wconf 86' lang='lat' dir='ltr'><strong>corr.</strong></span> <span class='ocrx_word' id='word_1_246' title='bbox 711 3192 736 3239; x_wconf 77' lang='lat'><strong><em>2,</em></strong></span> <span class='ocrx_word' id='word_1_247' title='bbox 750 3204 786 3239; x_wconf 92' lang='lat' dir='ltr'><strong><em>m.</em></strong></span> <span class='ocrx_word' id='word_1_248' title='bbox 859 3185 901 3240; x_wconf 80' lang='lat'><strong><em>19.</em></strong></span> <span class='ocrx_word' id='word_1_249' title='bbox 917 3185 953 3240; x_wconf 75' lang='lat'><strong><em>20</em></strong></span> <span class='ocrx_word' id='word_1_250' title='bbox 977 3186 1152 3257; x_wconf 83' lang='grc' dir='ltr'><strong><em>*βούλεσθαι</em></strong></span> 
     </span>
     <span class='ocr_line' id='line_1_31' title="bbox 130 3253 1150 3326; baseline 0.005 -18"><span class='ocrx_word' id='word_1_251' title='bbox 130 3254 350 3324; x_wconf 82' lang='grc' dir='ltr'><strong><em>(προβούλεσθαι</em></strong></span> <span class='ocrx_word' id='word_1_252' title='bbox 376 3255 478 3324; x_wconf 74' lang='lat' dir='ltr'>Rhos.)</span> <span class='ocrx_word' id='word_1_253' title='bbox 510 3253 561 3324; x_wconf 82' lang='grc' dir='ltr'><strong><em>τήν</em></strong></span> <span class='ocrx_word' id='word_1_254' title='bbox 593 3253 795 3324; x_wconf 81' lang='grc' dir='ltr'><strong><em>φιλίαν-τοῖς</em></strong></span> <span class='ocrx_word' id='word_1_255' title='bbox 821 3256 1036 3326; x_wconf 87' lang='grc' dir='ltr'><strong><em>πολεμιωτάτοις</em></strong></span> <span class='ocrx_word' id='word_1_256' title='bbox 1063 3259 1150 3314; x_wconf 71' lang='grc' dir='ltr'><strong><em>αὐτοῦ</em></strong></span> 
     </span>
     <span class='ocr_line' id='line_1_32' title="bbox 131 3325 1151 3398; baseline 0.004 -19"><span class='ocrx_word' id='word_1_257' title='bbox 131 3326 234 3394; x_wconf 72' lang='grc' dir='ltr'><strong><em>(αὐτῶν</em></strong></span> <span class='ocrx_word' id='word_1_258' title='bbox 252 3325 366 3396; x_wconf 80' lang='lat' dir='ltr'>Reiske)</span> <span class='ocrx_word' id='word_1_259' title='bbox 388 3327 566 3398; x_wconf 85' lang='grc' dir='ltr'><strong><em>διαλύεσθαι]</em></strong></span> <span class='ocrx_word' id='word_1_260' title='bbox 589 3326 675 3381; x_wconf 76' lang='lat' dir='ltr'>verba</span> <span class='ocrx_word' id='word_1_261' title='bbox 693 3328 770 3382; x_wconf 78' lang='lat' dir='ltr'>haud</span> <span class='ocrx_word' id='word_1_262' title='bbox 790 3327 875 3382; x_wconf 85' lang='lat' dir='ltr'>dubie</span> <span class='ocrx_word' id='word_1_263' title='bbox 894 3329 1061 3397; x_wconf 76' lang='lat' dir='ltr'>depravata;</span> <span class='ocrx_word' id='word_1_264' title='bbox 1081 3331 1151 3398; x_wconf 89' lang='lat' dir='ltr'>quid</span> 
     </span>
     <span class='ocr_line' id='line_1_33' title="bbox 129 3396 1150 3470; baseline 0.005 -20"><span class='ocrx_word' id='word_1_265' title='bbox 129 3397 164 3450; x_wconf 90' lang='lat' dir='ltr'><strong><em>D.</em></strong></span> <span class='ocrx_word' id='word_1_266' title='bbox 184 3396 328 3464; x_wconf 77' lang='lat' dir='ltr'>scripserit</span> <span class='ocrx_word' id='word_1_267' title='bbox 345 3415 396 3467; x_wconf 83' lang='lat' dir='ltr'><strong><em>pro</em></strong></span> <span class='ocrx_word' id='word_1_268' title='bbox 416 3400 491 3452; x_wconf 74' lang='lat' dir='ltr'>certo</span> <span class='ocrx_word' id='word_1_269' title='bbox 510 3399 599 3452; x_wconf 74' lang='lat' dir='ltr'>statui</span> <span class='ocrx_word' id='word_1_270' title='bbox 616 3399 728 3467; x_wconf 77' lang='lat' dir='ltr'>nequit3</span> <span class='ocrx_word' id='word_1_271' title='bbox 747 3416 804 3453; x_wconf 90' lang='lat' dir='ltr'><strong><em>non</em></strong></span> <span class='ocrx_word' id='word_1_272' title='bbox 820 3399 895 3453; x_wconf 76' lang='lat' dir='ltr'>mals</span> <span class='ocrx_word' id='word_1_273' title='bbox 914 3400 1006 3456; x_wconf 81' lang='lat' dir='ltr'>Madv.</span> <span class='ocrx_word' id='word_1_274' title='bbox 1024 3401 1037 3454; x_wconf 94' lang='lat' dir='ltr'>I</span> <span class='ocrx_word' id='word_1_275' title='bbox 1054 3419 1081 3470; x_wconf 88' lang='lat' dir='ltr'><strong><em>p.</em></strong></span> <span class='ocrx_word' id='word_1_276' title='bbox 1097 3405 1150 3456; x_wconf 76' lang='lat'><strong><em>512</em></strong></span> 
     </span>
     <span class='ocr_line' id='line_1_34' title="bbox 116 3465 1151 3542; baseline 0.012 -27"><span class='ocrx_word' id='word_1_277' title='bbox 116 3467 293 3522; x_wconf 66' lang='grc' dir='ltr'><strong><em>διαλύεσθαι</em></strong></span> <span class='ocrx_word' id='word_1_278' title='bbox 310 3465 365 3537; x_wconf 81' lang='grc' dir='ltr'><strong><em>τήν</em></strong></span> <span class='ocrx_word' id='word_1_279' title='bbox 383 3467 483 3538; x_wconf 89' lang='grc' dir='ltr'><strong><em>φιλίαν</em></strong></span> <span class='ocrx_word' id='word_1_280' title='bbox 501 3470 550 3524; x_wconf 83' lang='grc' dir='ltr'><strong><em>καί</em></strong></span> <span class='ocrx_word' id='word_1_281' title='bbox 569 3466 606 3540; x_wconf 79' lang='grc' dir='ltr'><strong><em>μὴ</em></strong></span> <span class='ocrx_word' id='word_1_282' title='bbox 626 3470 854 3536; x_wconf 79' lang='grc' dir='ltr'><strong><em>συνεξετάζεσθαι</em></strong></span> <span class='ocrx_word' id='word_1_283' title='bbox 873 3471 980 3541; x_wconf 74' lang='lat' dir='ltr'>(malim</span> <span class='ocrx_word' id='word_1_284' title='bbox 995 3472 1151 3542; x_wconf 88' lang='grc' dir='ltr'><strong><em>συναγωνί-</em></strong></span> 
     </span>
     <span class='ocr_line' id='line_1_35' title="bbox 96 3537 667 3612; baseline 0.016 -20"><span class='ocrx_word' id='word_1_285' title='bbox 96 3537 219 3605; x_wconf 64' lang='grc' dir='ltr'><strong><em>ζεσθαι)</em></strong></span> <span class='ocrx_word' id='word_1_286' title='bbox 237 3547 302 3601; x_wconf 84' lang='grc' dir='ltr'><strong><em>τοῖς</em></strong></span> <span class='ocrx_word' id='word_1_287' title='bbox 319 3541 548 3612; x_wconf 84' lang='grc' dir='ltr'><strong><em>πολεμιωτάτοις</em></strong></span> <span class='ocrx_word' id='word_1_288' title='bbox 567 3544 667 3600; x_wconf 81' lang='grc' dir='ltr'><strong><em>αύτού.</em></strong></span> 
     </span>
    </p>
   </div>
   <div class='ocr_carea' id='block_1_5' title="bbox 0 0 1234 3848">
    <p class='ocr_par' dir='ltr' id='par_1_9' title="bbox 0 0 1234 3848">
     <span class='ocr_line' id='line_1_36' title="bbox 0 0 1234 3848; baseline 0 3"><span class='ocrx_word' id='word_1_289' title='bbox 0 0 1234 3848; x_wconf 95' lang='lat' dir='ltr'><strong><em> </em></strong></span> 
     </span>
    </p>
   </div>
  </div>
 </body>
</html>
