2460 3848
58 185 122 241 XVI
434 185 697 240 ARGUMENTUM

58 277 112 326 Gap.

58 353 100 404 50.
128 347 288 402 Demetrius
311 349 340 400 et
357 346 534 401 Ptolemaeus
558 347 646 401 aciem
670 347 707 401 ad
725 348 926 403 conserendam
948 366 1075 418 pugnam

164 428 314 483 instruunt.

58 513 101 563 51.
128 503 243 578 Puguea
262 507 369 561 navalis
388 507 548 576 descriptio.

58 594 100 641 ba.
128 586 286 642 Demetrius
305 587 402 642 victor.

58 674 100 721 53.
128 669 253 736 Accepta
267 667 347 722 clade
360 666 537 723 Ptolemaeus
551 667 654 722 omissa
664 668 755 738 Cypro
770 669 800 723 in
809 670 971 740 Aegyptum
981 669 1076 724 rediit.

164 748 322 818 Antigonus
340 748 430 803 victor
447 748 522 818 regis
540 764 643 803 nomen
661 751 690 803 et
708 748 877 819 dignitatem
892 747 948 802 sibi
960 747 1077 817 filioque

164 827 306 882 Demetrio
326 828 468 897 imposuit.
501 828 609 883 Horum
628 827 757 898 exempla
780 829 866 883 oeten
885 828 971 883 etiarn
991 828 1077 884 duces

165 908 254 962 secuti
272 924 352 978 reges
372 924 402 962 se
419 908 589 977 proclamari
607 909 757 963 iusserunt.

58 994 100 1042 54.
128 987 300 1058 Agathocles
313 988 374 1057 ipse
389 1004 500 1056 quoque
513 989 588 1058 regis
602 988 718 1042 titulum
728 988 859 1056 assumit3
874 988 958 1043 simul
966 988 1077 1043 facinus

164 1084 231 1138 rege
257 1068 375 1137 dignum
405 1069 524 1139 aggredi
548 1083 702 1138 properans
727 1069 758 1123 in
782 1067 901 1124 rebelles
930 1068 1077 1124 Uticenses

164 1150 264 1203 movet.
302 1147 416 1203 Uticam
434 1165 601 1219 oppugnans
620 1165 691 1204 novo
710 1149 833 1205 astutiae
856 1165 959 1219 genere
976 1149 1077 1204 utitur.

58 1235 100 1283 55.
129 1228 214 1283 Utica
231 1229 260 1282 vi
279 1232 454 1299 expugnata,
473 1230 503 1284 in
522 1230 594 1284 cives
609 1229 812 1284 immanissime
826 1230 972 1284 saevitum.
1006 1228 1076 1282 Sub-

165 1309 237 1363 actis
260 1310 347 1364 etiam
370 1309 466 1362 multis
492 1308 556 1364 aliis
573 1309 686 1379 populis
712 1312 741 1364 et
765 1307 883 1363 urbibus
905 1309 1077 1379 Agathocles

165 1392 195 1444 in
213 1388 341 1444 Siciliam
361 1389 447 1459 redit,
465 1389 565 1445 relicto
584 1390 615 1443 in
632 1388 723 1458 Libya
741 1389 800 1444 filio
818 1388 1009 1459 Archagatho.

59 1477 100 1525 56.
129 1471 162 1524 In
181 1469 281 1525 Sicilia
296 1467 463 1525 Xenodocus
481 1486 532 1539 pro
551 1468 684 1524 libertate
703 1469 850 1524 civitatum
867 1469 1077 1539 propugnabat,

164 1555 226 1605 tum
252 1549 375 1604 maxime
400 1549 508 1619 proelio
532 1550 644 1619 pulsus,
670 1567 734 1603 cum
759 1549 930 1620 Agathocles
953 1549 1078 1618 eLibya

164 1630 252 1685 redux
266 1631 349 1685 esset.
376 1629 547 1700 Agathocles
557 1630 739 1684 Heracleotes
750 1633 779 1685 et
787 1630 946 1684 Thermitas
961 1628 1077 1700 subigit,

166 1709 316 1779 Centoripa
336 1708 410 1764 clam
428 1711 532 1777 intrat,
550 1710 731 1778 Apolloniam
749 1712 900 1781 expugnat.

59 1796 101 1845 67.
129 1790 224 1844 Novus
242 1789 384 1845 libertatis
398 1791 501 1845 vindex
518 1791 549 1844 in
562 1790 748 1860 Agathoclem
762 1789 888 1859 exsurgit
901 1790 1077 1845 Dinocrates.

164 1871 258 1938 Atque
272 1887 347 1924 nunc
360 1887 405 1925 res
418 1870 584 1941 Agathoclis
598 1870 629 1924 iu
643 1871 766 1925 detorius
780 1872 916 1924 mutatae.
944 1869 977 1923 ln
986 1869 1078 1939 Libya

164 1954 261 2006 tamen
279 1950 452 2018 Eumachus,
470 1951 645 2021 Archagathi
663 1951 788 2021 legatus,
807 1950 890 2019 plura
909 1951 1016 2020 oppida
1031 1967 1078 2006 ex-

58 2118 100 2166 58.
129 2111 289 2165 Eumachus
308 2112 474 2182 aggreditur
491 2111 699 2180 expeditionem
718 2111 748 2164 in
766 2111 885 2179 Libyam
904 2112 1076 2180 superiorem

166 2191 203 2245 ad
220 2190 399 2247 Pithecussas
417 2208 515 2260 usque.

59 2276 101 2325 59.
128 2271 209 2326 Nova
226 2270 400 2340 melioraque
420 2271 538 2326 consilia
557 2270 803 2341 Carthaginienses
822 2272 953 2340 capiunt,
971 2272 1076 2341 tripar-

163 2352 218 2405 tito
242 2352 366 2406 exercitu
385 2351 555 2406 Graecorum
578 2352 674 2421 copias
695 2352 726 2405 in
748 2351 872 2406 diversas
897 2355 994 2421 partes
1021 2352 1077 2407 dis-

164 2431 315 2486 trahentes.

59 2518 101 2567 60.
130 2511 197 2565 Tria
216 2510 387 2565 Graecorum
405 2529 516 2580 quoque
531 2512 646 2581 agmina
660 2511 730 2566 facit
743 2512 949 2583 Archagathus.
982 2513 1077 2567 Unum

166 2591 245 2644 ducit
251 2590 414 2658 Aeschrion,
425 2592 500 2659 quod
509 2591 610 2646 Hanno
621 2591 768 2661 opprimit,
779 2592 899 2648 alterum
906 2593 1077 2661 Eumachus,

166 2671 241 2739 quod
260 2670 357 2724 Imilce
375 2670 477 2725 fundit.

60 2759 101 2808 61.
130 2751 245 2820 Duplici
268 2749 350 2804 clade
373 2751 495 2806 afflictus
514 2752 711 2822 Archagathus
738 2770 755 2808 a
781 2754 863 2808 sociis
889 2754 1006 2823 insuper
1029 2755 1077 2810 de-

166 2831 275 2886 seritur.
321 2831 492 2901 Agathocles
521 2832 557 2886 de
589 2849 702 2887 suorum
734 2834 764 2887 in
790 2833 882 2904 Libya
913 2834 1077 2890 calamitate

166 2911 268 2966 certior
296 2910 387 2965 factus
417 2911 509 2966 insula
534 2913 670 2982 Leptinae
699 2914 836 2982 permissa
870 2915 931 2983 ipse
960 2914 1078 2970 classem

166 2991 245 3045 ducit
262 2992 425 3061 Poenosque
443 2992 550 3061 proelio
569 2993 664 3047 navali
682 2995 713 3049 in
731 2993 827 3064 fugam
846 2995 914 3064 egit.

60 3077 101 3125 62.
129 3072 305 3141 Recuperato
329 3073 447 3141 imperio
473 3073 558 3126 maris
585 3073 718 3142 Leptines
741 3073 922 3129 Xenodoeum
950 3077 1078 3131 terrestri

164 3153 272 3220 proelio
291 3152 393 3207 fundit.

60 3237 101 3284 63.
130 3231 279 3300 Duplicem
301 3234 448 3288 victoriam
465 3234 636 3304 Agathocles
660 3234 746 3288 sacris
774 3236 803 3289 et
827 3236 918 3304 epulis
943 3236 1076 3291 celebrat.

165 3312 312 3382 Ingenium
330 3315 419 3383 regis,
437 3314 559 3368 maxime
577 3315 608 3368 in
626 3314 717 3383 epulis
735 3315 888 3383 proditum.

60 3398 100 3446 64.
129 3393 266 3447 lievectus
296 3394 326 3446 in
353 3393 478 3446 Africam
505 3394 675 3464 Agathocles
708 3394 811 3450 damna
838 3412 970 3464 reparare
998 3400 1078 3453 anni·

156 3473 242 3539 tr'tur,·
268 3473 322 3526 aed
348 3473 475 3528 hostium
503 3476 596 3529 castra
624 3475 740 3529 adortus
766 3492 831 3529 cum
860 3495 964 3546 magua
997 3479 1078 3536 clade

138 3550 304 3614 repellitur.
