2460 3848
94 163 113 226 8
472 158 587 213 Diodor.
597 157 660 210 XIX
675 164 699 211 2.
711 163 734 210 3.

58 323 73 371 8
94 301 215 386 ἔγκυον
238 314 385 389 συνεχῶς
407 303 490 367 κατά
511 304 591 378 τοὺς
612 301 741 380 ὕπνους
759 301 959 388 ἐταράττετο.
995 303 1118 389 διόπερ
1184 308 1187 315 ’

94 407 248 494 ἀγωνιῶν
266 410 351 496 ὑπὲρ
372 420 430 495 τῆς
452 409 663 487 παιδοποιίας
685 406 808 474 έδωκεν
826 408 963 487 ἐντολάς
980 412 1117 498 Καρχη-

93 519 219 594 δονίοις
242 517 309 582 τισὶ
331 523 475 603 θεωροῖς
497 515 715 600 ἀναγομένοις
736 518 785 594 είς
806 519 965 602 Δελφοὺς
992 515 1118 604 ἐπερω-

93 635 188 709 τῆσαι
211 625 271 689 τὸν
288 624 373 688 θεὸν
395 624 471 707 περὶ
494 632 554 688 τοῦ
577 623 935 708 γεννη<θη>σομένου
956 623 1116 710 βρέφους.

94 726 142 796 ὧν
165 730 324 812 ἐπιμελῶς
347 731 384 795 τὸ
408 730 624 814 παρακληθὲν
646 729 842 816 πραξάντων
861 729 991 808 ἐξέπεσε
1013 748 1118 817 χρησ-
1151 753 1163 794 ι

64 904 67 909 ,
92 840 152 920 μὸς
176 838 227 903 ὅτι
249 836 402 921 μεγάλων
421 833 671 922 ἀτυχημάτωνὸ
695 838 872 921 γεννηθεὶς
895 837 1000 915 αίτιος
1021 834 1118 904 ἔσται

57 963 74 1010 4
94 945 338 1029 Καρχηδονίοις
360 943 415 1009 καλ
438 943 527 1034 πάση
549 947 696 1032 Σικελία.
733 944 754 1009 6
777 945 819 1030 δή
843 945 1036 1027 πυθόμενος
1058 947 1118 1012 καί

93 1051 258 1137 φοβηθείς
285 1048 422 1134 ἐξέθηκε
448 1052 486 1116 τὸ
512 1052 648 1117 παιδίον
671 1052 814 1139 δημοσίᾳ
837 1052 994 1129 καὶτοὺς
1016 1057 1118 1139 τηρή-

93 1175 213 1236 σοντας
236 1159 292 1224 ἵνα
310 1160 488 1247 τελευτήση
509 1156 805 1243 παρακατέστησεν.
842 1159 1053 1224 διελθουσῶν
1076 1159 1120 1226 δέ

92 1288 195 1330 τινων
221 1266 353 1350 ήμερῦν
376 1265 414 1330 τὸ
437 1264 499 1346 μὲν
522 1264 584 1330 οῦκ
611 1262 834 1350 ἀπέθνησκεν,
862 1266 895 1330 οἱ
921 1264 1116 1349 τεταγμένοι
1137 1289 1163 1328 ιο

57 1390 73 1439 5
92 1369 123 1436 δ’
142 1371 196 1438 ἐπί
219 1382 276 1456 τῆς
300 1377 451 1457 φυλακῆς
473 1372 676 1459 ὠλιγώρουν.
718 1371 796 1437 καθ’
813 1371 854 1436 δν
877 1372 918 1456 δή
941 1372 1066 1458 χρόνον
1087 1373 1170 1456 ήειθ

91 1483 197 1564 μήτηρ
220 1480 341 1555 νυκτὸς
364 1483 581 1565 παρελθοῦσα
604 1478 715 1566 λάθρα
738 1480 775 1544 τὸ
801 1479 937 1544 παιδίον
964 1475 1115 1546 ἀνείλετο

92 1586 147 1651 καλ
179 1586 262 1671 πρὸς
294 1585 399 1669 αὑτήν
431 1585 493 1668 μὲν
525 1586 586 1651 οὐκ
619 1584 797 1670 ἀπήνεγκε,
830 1584 1024 1670 φοβουμένη
1054 1587 1117 1651 τὸν

93 1694 214 1777 ἀνδρα,
242 1693 325 1779 πρὸς
349 1692 386 1758 δέ
409 1693 469 1757 τὸν
493 1689 641 1777 ἀδελφὸν
660 1690 882 1776 Ἡρακλείδην
904 1692 1116 1778 καταθεμένη

92 1801 363 1884 προσηγόρευσεν
396 1782 615 1883 Ἀγαθοκλέα,
651 1800 713 1883 τήν
750 1798 943 1881 ὁμωνυμίαν
975 1800 1023 1876 ελς
1054 1801 1116 1865 τὸν
1136 1821 1162 1862 π

57 1905 210 1990 σέαυτής
230 1902 434 1988 ἀνενέγκασα
454 1905 587 1991 πατέρα.
623 1903 699 1991 παρ’
719 1897 747 1994 96
768 1908 972 1991 τρεφόμενος
994 1906 1012 1995 6
1036 1917 1116 1985 παῖς

93 2010 186 2096 ἐξέβη
216 2016 278 2097 τήν
307 2035 343 2078 τε
372 2014 452 2092 ’όήιιν
482 2014 648 2098 εὐπρεπής
675 2014 731 2078 καλ
760 2015 798 2078 τὸ
829 2023 921 2095 σῶμα
948 2013 1116 2096 εὔρωστος

92 2122 178 2184 πολὺ
205 2124 332 2203 μᾶλλον
354 2119 375 2204 ή
398 2122 481 2185 κατά
503 2121 565 2204 τήν
586 2121 727 2203 ἡλικίαν.
768 2119 945 2198 ἑπταετοῦς
968 2116 999 2184 δ’
1016 2120 1116 2198 όντος

44 2309 50 2319 ⁴
93 2226 195 2292 αὐτοῦ
219 2228 446 2312 παρακληθείς
468 2227 486 2293 6
510 2231 679 2314 Καρκίνος
697 2224 763 2319 ,ὑφ’
782 2226 1002 2313 Ἡρακλείδου
1029 2229 1116 2312 πρός

92 2356 167 2398 τινα
189 2336 317 2399 θυσίαν
339 2334 395 2399 καὶ
422 2334 628 2415 θεασάμενος
651 2336 710 2399 τὸν
729 2333 934 2418 Ἀγαθοκλέα
956 2336 1115 2413 παίζοντα
1135 2356 1163 2396 εο

93 2441 172 2522 μετά
195 2463 297 2505 τινων
318 2442 503 2524 ἡλικιωτῶν
526 2438 690 2522 ἐθαύμαζε
712 2442 750 2505 τό
773 2463 808 2505 τε
830 2441 951 2518 κάλλος
973 2441 1029 2506 καλ
1051 2442 1115 2525 τήν

93 2546 217 2630 ῥώμην,
247 2555 304 2629 τής
334 2570 369 2611 τε
398 2547 557 2630 γυναικὸς
586 2543 792 2631 εἰπούσης”
772 2570 823 2612 οτι
850 2547 1089 2674 τηλικοῦτος,Ἃ
1071 2573 1115 2612 αν

91 2648 134 2735 ήν
167 2651 184 2716 6
218 2649 378 2736 ἐκτεθείς,
411 2653 502 2738 εἴπερ
535 2651 676 2738 ἐτράφη,
707 2652 951 2736 μεταμέλεσθαί
980 2677 1015 2718 τε
1047 2650 1114 2784 ἔφη

58 2767 162 2835 ττοῑς
194 2764 373 2842 πραχθεῖσι
404 2760 460 2824 καλ
493 2770 639 2843 συνεχῶς
676 2759 845 2846 ἐδάκρυεν.
901 2754 966 2825 εἷθ’
993 2761 1013 2845 ή
1050 2761 1115 2842 μὲν

92 2874 220 2948 γνοῦσα
241 2866 303 2949 τήν
323 2865 438 2952 ὁρμήν
447 2865 589 2954 τάνδρὸς
612 2876 861 2952 συμφωνοῦσαν
879 2877 949 2944 τοῖς
967 2887 1114 2952 πεπραγ-
1135 2891 1162 2932 εο

93 2972 204 3054 μένοις
236 2970 372 3056 ἐξέθηκε
403 2982 514 3038 πάσαν
543 2975 603 3058 τήν
634 2973 803 3059 ἀλήθειαν.
857 2974 874 3040 6
905 2970 937 3038 6'
964 2973 1115 3056 ἀσμένως

93 3077 356 3162 προσδεξάμενος
391 3083 470 3158 τοὺς
507 3083 627 3165 λόγους
662 3083 721 3147 τὸν
753 3082 814 3163 μὲν
846 3082 924 3146 υἱὸν
959 3079 1113 3165 ἀπέλαβε,

164 3237 180 3290 l
200 3235 265 3306 έγγ
248 3257 300 3292 ον
318 3238 348 3291 F
425 3238 443 3293 4
465 3236 764 3312 γεννη<θη>οομένον
787 3239 888 3308 scripsi
911 3238 955 3308 (ef.
977 3238 1055 3304 169,
1071 3241 1113 3306 2);

93 3306 296 3377 γεννησομένου
314 3309 361 3362 RF
380 3307 617 3380 γενησομένουΧ
681 3307 889 3379 ὅέπιμελέςδ.
955 3307 1006 3364 λδ
1026 3309 1060 3378 δή
1081 3311 1112 3366 F.

93 3379 111 3433 9
138 3397 264 3448 παρεκατ
248 3377 327 3450 τηέστ
329 3381 431 3448 οενῈ,
465 3398 533 3436 corr.
562 3387 584 3435 1.
606 3400 642 3435 m.
720 3380 815 3435 10
783 3401 811 3435 οι
837 3401 866 3435 τε
894 3401 959 3435 ταετ
939 3330 1112 3452 αγμένοιῈ.

84 3449 128 3501 13
137 3450 234 3569 αὐτήν
243 3401 327 3508 ΗΧη
355 3451 392 3507 16
409 3425 644 3524 άνενεγκοῦοαδ.
694 3450 763 3506 18
747 3473 766 3521 η
785 3451 884 3507 omF
938 3403 975 3507 24
992 3451 1113 3520 ἐδάκρυ-
