2460 3848
114 175 177 240 m
473 172 770 228 Dmfflffl

112 318 149 384 δέ
177 317 435 404 ἐκπολιορκήσας
461 328 519 402 τῆς
545 342 580 384 τε
608 327 759 404 φρουρᾶς
787 316 959 404 ἐκυρίευσε
983 320 1131 398 παλτοῖς

111 427 267 509 Αἰγιεῦσι
289 427 371 491 κατὰ
395 427 501 509 δόγμα
525 426 585 509 τήν
608 423 806 511 ἐλευθερίαν
829 427 1033 509 βουλόμενος
1051 426 1132 492 ἀπο-

111 541 311 617 καταστῆσαι
338 532 394 597 διὰ
420 533 546 616 ταύτην
568 533 629 616 τήν
651 535 846 618 περίστασιν
869 531 1035 617 ἐκωλύθη·
1064 545 1131 599 τῶν

111 641 175 725 γάρ
199 649 408 724 στρατιωτῶν
430 637 623 724 τραπέντων
645 640 728 725 πρὸς
752 639 904 725 ἁρπαγήν
928 641 1046 705 πολλοί
1070 641 1131 722 μὲν

113 745 353 830 ἀπεσφάγησαν
384 757 451 811 τῶν
481 745 638 829 Αἰγιέων,
670 752 820 812 πλείσται
853 747 890 812 δὲ
919 758 987 812 τῶν
1016 749 1131 813 οίκιῶν
1164 769 1176 809 ε

76 852 354 938 4διεφθάρήσαν.
400 854 481 936 μετά
510 853 548 918 δὲ
576 862 679 918 ταῦτα
707 854 969 931 διαπλεύσαντος
996 855 1043 931 εἰς
1069 857 1132 920 Αί-

110 962 234 1025 τωλίαν
257 959 360 1025 αὐτού
379 965 541 1043 Δυμαῖοι,
565 961 720 1045 φρουράν
742 957 873 1043 ἔχοντες
890 962 980 1046 παρὰ
998 961 1132 1026 Κασάν·

113 1068 212 1152 δρου,
244 1066 442 1150 διετείχισαν
469 1068 531 1151 τήν
557 1068 667 1151 πόλιν,
700 1068 783 1132 ὥστε
805 1067 876 1133 κατ’
903 1068 993 1133 ίδίαν
1021 1063 1183 1136 οὖσανεῖο

112 1172 177 1239 ἀπὸ
207 1183 265 1258 τῆς
294 1172 503 1256 ἀκροπόλεως
533 1174 729 1258 διεζεῦχθαι.
782 1173 1067 1257 παρακαλέσαντες
1098 1175 1128 1239 δ’

111 1279 275 1365 ἀλλήλους
291 1279 489 1365 ἀντέχεσθαι
506 1289 564 1364 τῆς
582 1281 782 1364 αὐτονομίας
799 1281 1132 1367 περιεστρατοπέδευ-
1151 1305 1177 1345 ιο

75 1406 92 1455 5
113 1404 177 1453 σαν
200 1389 260 1472 τήν
284 1389 389 1472 ἀκραν
411 1388 467 1452 καί
490 1397 640 1472 συνεχεῖς
667 1391 858 1473 προσβολάς
880 1386 1055 1454 ἐποιοῦντο
1110 1388 1132 1453 ἀ

112 1495 153 1579 δή
177 1497 370 1577 πυθόμενος
393 1493 410 1559 ὁ
430 1491 646 1577 Ἀλέξανδρος
672 1491 752 1578 ήκεν
774 1497 855 1577 μετὰ
882 1495 1053 1577 δυνάμεως
1075 1497 1132 1561 καλ

111 1602 310 1684 βιασάμενος
340 1599 434 1678 ἐντὸς
462 1610 523 1667 τοῦ
553 1603 682 1686 τείχους
709 1599 880 1687 ἐκυρίευσε
907 1611 965 1685 τῆς
994 1604 1132 1686 πόλεως,

111 1719 179 1773 τῶν
211 1707 248 1772 δέ
279 1710 443 1790 Δυμαίων
474 1709 552 1785 τοὺς
584 1708 646 1790 μὲν
678 1706 878 1794 ἀπέσφαξεν,
913 1712 993 1786 τοὺς
1025 1706 1055 1773 δ’
1084 1711 1132 1787 είς

76 1816 265 1899 εφυλακήν
298 1813 456 1899 ἀπέθετο,
488 1817 634 1892 πολλοὺς
665 1815 703 1880 δὲ
735 1813 973 1900 ἐφυγάδευσεν.
1029 1818 1062 1882 ολ
1094 1817 1132 1883 δὲ
1151 1842 1176 1882 τε

110 1921 383 2007 περιλειφθέντες
410 1921 656 2006 ἀπαλλαγέντος
683 1920 719 1987 ἐκ
748 1931 805 2006 τής
834 1924 961 2000 πόλεως
982 1921 1132 2001 Ἀλεξάν-

112 2029 196 2114 δρου
219 2031 343 2114 χρόνον
361 2028 423 2112 μέν
445 2052 520 2094 τινα
542 2030 604 2113 τήν
621 2029 764 2113 ήσυχίαν
786 2024 880 2112 ήγον,
903 2036 1131 2114 καταπεπληγ-

110 2135 205 2218 μένοι
231 2137 269 2201 τὸ
297 2135 440 2220 μέγεθος
466 2146 524 2221 τῆς
552 2145 741 2220 συμφορᾶς,
769 2136 834 2218 ἀμα
861 2136 899 2201 δέ
925 2138 981 2203 καί
1005 2139 1131 2221 συμμά-

110 2267 179 2327 χων
211 2244 305 2320 ὄντες
336 2240 465 2328 έριχμοι·
497 2244 577 2325 μετά
610 2242 650 2308 δέ
679 2241 754 2307 τινα
784 2244 909 2328 χρόνον
941 2241 974 2321 ἐξ
1006 2246 1130 2329 Αίγίου

87 2379 89 2382 ⁴
110 2353 190 2426 τοὺς
204 2347 443 2435 Ἀριστοδήμου
463 2352 697 2435 μισθοφόρους
719 2350 1006 2434 μεταπεμψάμενοι
1029 2352 1131 2418 πάλιν
1150 2377 1176 2417 ιο

111 2455 271 2522 ἐπέθεντο
299 2465 339 2540 τή
368 2463 502 2544 φρουρᾷ
528 2457 584 2521 καλ
606 2456 842 2541 κυριεύσαντες
864 2468 922 2542 τής
945 2459 1046 2543 άκρας
1068 2462 1131 2544 τήν

110 2562 171 2644 μέν
194 2565 293 2628 πόλιν
314 2562 564 2648 ἠλευθέρωσαν,
586 2573 654 2629 τῶν
677 2562 714 2628 δέ
737 2564 1029 2650 καταλειφθέντων
1051 2568 1131 2644 τοὺς

110 2671 285 2747 πλείστους
318 2667 568 2755 ἀποσφάξαντες
599 2676 802 2736 Ισυνανεῖλαν
837 2672 893 2737 καί
929 2682 997 2737 τῶν
1035 2672 1131 2738 ίδίων

57 2776 99 2841 67
110 2781 256 2841 πολιτῶν
279 2776 352 2842 ὅσοι
375 2779 459 2862 πρὸς
478 2774 697 2863 Ἁλέξανδρον
720 2772 811 2863 εἶχον
835 2780 960 2864 φιλίαν.
1003 2779 1069 2862 άμα
1093 2780 1131 2846 δέ

109 2883 240 2960 τούτοις
263 2883 506 2968 πρασσομένοις
525 2882 739 2970 Ἀλέξανδρος
766 2885 828 2967 μὲν
851 2884 868 2950 ὁ
892 2884 1131 2971 Πολυπέρχον-
1149 2911 1174 2952 ιε

180 3040 332 3110 mmm
349 3040 412 3108 ατο
433 3041 467 3096 ει.
486 3040 545 3096 Ροι.
564 3041 590 3095 Π
608 3048 651 3108 41,
668 3047 713 3108 133
732 3041 805 3097 εισι.
826 3041 853 3097 c.
869 3043 906 3097 M.
927 3048 973 3108 123
992 3043 1074 3099 Paua.
1092 3044 1131 3098 m

112 3109 1129 3186 1mmfflmmffwfflfflmss

110 3183 128 3237 5
146 3181 272 3276 Αίγαίριν
295 3184 321 3236 Β,
339 3182 477 3254 Αἰγιαίων
495 3183 520 3236 Χ
542 3181 653 3274 ὶΑίγέων
671 3185 907 3276 F'suprascripto
927 3185 963 3239 ab
983 3192 1007 3239 2.
1022 3204 1058 3239 m.
1079 3207 1129 3242 ιαι.

109 3253 462 3398 35⁰35232321Xamffi
486 3275 554 3380 Ψ
572 3263 626 3382 τίά
640 3258 785 3397 ‘'ssf'ffi
803 3256 947 3412 δεταί.
961 3255 1129 3394 λῗέλωέδ

105 3395 225 3464 Αἰγείου
257 3397 289 3451 X.
380 3397 417 3452 22
448 3396 695 3467 καταλειφθέντων
727 3398 774 3452 RF
804 3402 845 3469 (m
879 3402 1000 3468 utroque
1032 3401 1130 3456 codice

73 3468 573 3613 ἔχειέᾖεέονλΤωξαχὲὲχῆἓέχχ
583 3466 822 3615 ἒατὲλχφθέντων
854 3469 943 3526 Ηετλλ.
966 3471 1005 3524 ΠΙ
1035 3490 1063 3540 p.
1087 3478 1129 3528 22.
