2460 3848
449 207 602 275 01.119‚3:
623 213 674 262 εοε
690 223 715 262 ο.
727 207 788 262 chr.
1063 210 1129 276 325

109 358 255 437 πόλεμον
278 352 332 419 ἐπί
354 355 417 436 τὴν
439 354 657 418 Μακεδονίαν
682 353 925 436 συνιστάμενον
947 356 1131 440 περίφοβος

108 459 151 546 ἦν
173 461 258 545 ὑπὲρ
281 469 342 526 τοῦ
365 459 550 542 μέλλοντος.
597 459 713 545 διόπερ
741 457 899 542 ἐξέπεμψε
927 461 1165 547 πρεσβευτάςε

109 570 193 653 πρὸς
220 565 414 651 Ἀντίγονον
447 568 494 643 είς
525 568 586 650 τὴν
616 563 741 651 Ἀσίαν,
773 564 874 644 ἀξιῶν
906 567 1131 633 διαλύσασθαι

109 676 192 759 πρὸς
218 675 330 740 αὐτόν.
371 672 638 759 ἀποκριναμένου
664 671 694 737 δ’
715 670 844 738 ἐκείνου
870 673 956 738 διότι
980 675 1061 756 μίαν
1081 698 1131 757 γι-

79 783 229 847 ενώσκει
259 781 424 864 διάλυσιν,
452 777 511 845 ἐάν
535 779 553 845 ὁ
576 780 776 862 Κάσανδρος
803 777 961 870 ἐπιτρέπη
985 783 1026 847 τὰ
1048 778 1127 847 καθ’

110 888 223 972 αὑτόν,
252 886 472 970 καταπλαγείς
498 888 693 971 Λυσίμαχον
727 883 763 951 ἐκ
797 897 855 971 τῆς
891 886 1022 976 Θράκης
1058 911 1132 970 μετ-

110 994 276 1077 επέμψατο
302 996 385 1079 πρὸς
407 995 469 1079 την
490 1004 558 1059 τῶν
586 993 674 1058 ὅλων
701 996 955 1078 κοινοπραγίαν·
988 993 1039 1060 ἀεί
1067 996 1167 1079 γάρε

110 1102 224 1167 είάθει
255 1110 376 1167 τοῦτον
407 1102 490 1166 κατά
521 1103 599 1176 τοὺς
630 1101 806 1182 μεγίστους
836 1103 965 1184 φόβους
995 1103 1042 1178 είς
1071 1102 1133 1186 την

57 1224 108 1273 483
114 1212 278 1294 βοήθειαν
300 1207 618 1294 προσλαμβάνεσθαι
641 1205 698 1269 διά
715 1228 751 1270 τε
771 1208 833 1291 την
851 1206 993 1292 τάνδρὸς
1012 1207 1133 1292 ἀρετὴν

66 1335 92 1374 1⁰
109 1316 165 1380 καί
197 1316 253 1380 διά
284 1316 322 1380 τὸ
358 1317 420 1399 την
456 1314 629 1396 βασιλείαν
666 1312 770 1378 αὐτοῦ
808 1313 932 1398 ὅμορον
970 1306 1056 1379 είναι
1091 1323 1132 1399 τῇ

110 1422 315 1509 Μακεδονία.
370 1420 653 1506 συνεδρεύσαντες
689 1413 752 1485 οὖν
789 1420 822 1484 οί
857 1423 1005 1502 βασιλεῖς
1039 1415 1133 1485 οὗτοι

110 1529 187 1615 περί
215 1536 275 1594 τοῦ
305 1536 422 1594 κοινοῦ
452 1526 682 1613 συμφέροντος
711 1523 896 1610 ἐξέπεμψαν
928 1529 1133 1612 πρεσβευτάς

110 1638 193 1720 πρός
222 1658 257 1700 τε
286 1639 496 1716 Πτολεμαῖον
526 1634 585 1699 τὸν
607 1633 783 1717 Αἰγύπτου
812 1632 950 1715 βασιλέα
972 1634 1027 1699 καί
1049 1636 1133 1720 πρὸς

110 1741 280 1807 Σέλευκον
309 1743 369 1807 τὸν
397 1750 464 1805 τῶν
491 1741 560 1805 ἀνω
589 1751 797 1825 σατραπειῶν
819 1740 1033 1825 κυριεύοντα,
1057 1742 1135 1826 περί

66 1868 91 1907 ιε
109 1871 145 1913 τε
174 1859 232 1932 τῆς
261 1847 491 1934 ὑπερηφανίας
520 1855 578 1931 τῆς
601 1844 639 1912 ἐν
662 1855 732 1923 ταῖς
755 1846 971 1933 ἀποκρίσεσιν
994 1845 1133 1932 ἐμφανί-

111 1957 221 2032 ζοντες
247 1955 303 2019 καί
330 1956 390 2019 τὸν
413 1953 449 2020 ἐκ
471 1962 531 2018 τοῦ
554 1952 700 2036 πολέμου
723 1954 886 2019 κίνδυνον
908 1954 1024 2018 κοινὸν
1046 1947 1134 2019 εἶναι

111 2060 246 2125 πάντων
269 2060 491 2136 διδάσκοντες.
527 2070 585 2144 τῆς
607 2061 670 2146 γάρ
689 2060 903 2137 Μακεδονίας
925 2064 1134 2145 κρατήσαντα
1152 2077 1169 2124 4

111 2167 171 2231 τὸν
196 2165 388 2249 Ἀντίγονον
418 2167 524 2244 εὐθὺς
553 2165 752 2251 ἀφελεῖσθαι
774 2166 828 2232 καί
851 2177 919 2232 τῶν
942 2168 1053 2232 ἀλλον
1075 2167 1133 2243 τὰς

111 2274 292 2355 βασιλείας·
324 2272 504 2338 δεδωκέναι
526 2273 590 2358 γάρ
614 2274 718 2339 αὐτὸν
741 2283 860 2359 πεῖραν
883 2273 1059 2349 πλεονάκις
1082 2272 1134 2338 ὅτι

67 2399 92 2439 20
112 2379 309 2464 πλεονέκτης
339 2378 410 2445 ἐστί
438 2381 493 2445 καί
521 2388 631 2445 πάσαν
659 2381 764 2466 ἀρχὴν
788 2380 1014 2465 ἀκοινώνητον
1037 2389 1134 2445 ποιεῖ.

112 2486 296 2573 συμφέρειν
326 2480 389 2552 ούν
418 2487 566 2564 ἅπαντας
593 2497 827 2573 συμφρονῆσαι
852 2486 1026 2573 καὶκοινῇ
1051 2488 1134 2573 πρὸς

108 2590 302 2678 Ἀντίγονον
339 2591 560 2659 ἐπανελέσθαι
592 2595 746 2675 πόλεμον.
806 2595 839 2659 οί
869 2594 931 2676 μὲν
963 2587 1026 2659 οὖν
1058 2593 1169 2678 περλσ

111 2704 323 2783 Πτολεμαῖον
345 2700 401 2765 καί
420 2698 589 2765 Σέλευκον
612 2697 768 2777 δόξαντες
791 2697 900 2783 ἀληθῆ
925 2699 1034 2785 λέγειν
1054 2720 1135 2784 προ-

111 2806 229 2888 θύμως
265 2806 461 2892 ὑπήκουσαν
496 2807 552 2871 καί
593 2804 814 2884 συνετάξαντο
850 2806 934 2892 πρὸς
971 2803 1135 2890 ἀλλήλους

67 2932 93 2972 ιι
112 2916 254 2997 βοηθεῖν
287 2913 404 2999 ἁδραῖς
436 2909 610 2995 δυνάμεσι·
652 2921 722 2989 τοῖς
754 2913 791 2978 δέ
823 2912 899 2998 περὶ
931 2912 1135 2997 Κάσανδρον
1151 2909 1213 2974 107

113 3016 205 3098 ἔδοξε
234 3022 278 3104 μη
306 3019 496 3107 περιμένειν
522 3021 584 3105 την
610 3029 678 3086 τῶν
701 3021 869 3102 πολεμίων
892 3015 1028 3103 ἔφοδον,
1052 3017 1135 3083 ἀλλά

112 3128 167 3192 καί
189 3127 311 3205 αὐτοὺς
330 3123 528 3211 φθάσαντας
547 3124 794 3211 ἐπιστρατεύειν
812 3125 868 3191 καί
886 3121 1136 3210 προλαμβάνειν

184 3267 203 3322 4
221 3263 445 3336 ἀποκρινομένου
460 3264 488 3320 δ’
501 3263 611 3321 ἐκείνου
626 3263 783 3334 δεινότερον
803 3268 843 3337 (in
859 3282 948 3335 marg.
964 3271 989 3319 2.
999 3284 1036 3319 m.
1052 3261 1134 3334 διότι)

112 3334 181 3405 μίαν
200 3340 346 3409 γινώσκειν
366 3336 494 3392 διάλυσιν
512 3338 542 3392 Ρ.
611 3336 735 3393 ὅδοω.
749 3336 780 3391 F.
850 3337 942 3392 λαλεῖ
960 3337 990 3391 F.
1059 3336 1136 3398 8είς

113 3408 252 3478 βοήθειαν
270 3411 301 3466 λ’.
373 3409 460 3464 θεοῦ
480 3405 585 3476 ἀνδρὸς
601 3408 657 3463 XF.
730 3409 766 3462 10
784 3409 871 3463 αὐτοῦ
890 3406 1028 3461 emm.
1069 3401 1154 3452 &m

114 3477 218 3548 ὅμορον
231 3479 264 3536 X.
315 3480 351 3536 16
369 3477 504 3536 κίνδυνον
519 3479 635 3538 πάντων
652 3475 731 3536 εἶναι
744 3479 817 3534 U.
861 3476 908 3528 KQ
926 3458 1209 3564 WQWOEQ·

108 3557 157 3618 τῆς
170 3549 317 3619 βασιλείας
328 3552 368 3610 Χ.
427 3553 463 3610 19
482 3552 591 3625 πεῖραν
607 3552 676 3610 mk.
713 3545 900 3614 πλεονάκιςΧ
911 3523 1218 3638 π’ῖδδΜζῖςχ-ῂ·

97 3618 135 3672 21
152 3621 204 3700 γαί
223 3622 383 3696 συμφέρειν
402 3627 438 3686 F.
518 3629 559 3687 24
580 3627 759 3700 ἐπήκουσαν
773 3620 818 3675 Y?-
877 3608 961 3675 222³)ss
980 3593 1065 3684 W*
1075 3607 1183 3697 ζῳὰ.

90 3689 230 3746 οιλμόουί
249 3712 274 3751 v.
292 3703 329 3753 23
351 3704 425 3773 post
446 3699 565 3777 λέγεινς
585 3705 712 3771 braum.
728 3691 842 3750 szk.
919 3675 967 3729 ᾖ
985 3677 1067 3718 ‘m
