<?xml version="1.0" encoding="UTF-8"?>
<!DOCTYPE html PUBLIC "-//W3C//DTD XHTML 1.0 Transitional//EN"
    "http://www.w3.org/TR/xhtml1/DTD/xhtml1-transitional.dtd">
<html xmlns="http://www.w3.org/1999/xhtml" xml:lang="en" lang="en">
 <head>
  <title>
</title>
<meta http-equiv="Content-Type" content="text/html;charset=utf-8" />
  <meta name='ocr-system' content='tesseract 3.04.00' />
  <meta name='ocr-capabilities' content='ocr_page ocr_carea ocr_par ocr_line ocrx_word'/>
</head>
<body>
  <div class='ocr_page' id='page_1' title='image "./diodoribiblioth00vogegoog/diodoribiblioth00vogegoog_0197.png"; bbox 0 0 2460 3848; ppageno 0'>
   <div class='ocr_carea' id='block_1_1' title="bbox 119 210 721 277">
    <p class='ocr_par' dir='ltr' id='par_1_1' title="bbox 119 210 721 277">
     <span class='ocr_line' id='line_1_1' title="bbox 119 210 721 277; baseline 0.01 -16"><span class='ocrx_word' id='word_1_1' title='bbox 119 213 182 277; x_wconf 79' lang='lat'><strong><em>172</em></strong></span> <span class='ocrx_word' id='word_1_2' title='bbox 534 211 648 266; x_wconf 84' lang='lat' dir='ltr'><strong>Diodor.</strong></span> <span class='ocrx_word' id='word_1_3' title='bbox 662 210 721 267; x_wconf 82' lang='lat' dir='ltr'><strong><em>XX.</em></strong></span> 
     </span>
    </p>
   </div>
   <div class='ocr_carea' id='block_1_2' title="bbox 113 348 1192 3094">
    <p class='ocr_par' dir='ltr' id='par_1_2' title="bbox 117 348 1142 512">
     <span class='ocr_line' id='line_1_2' title="bbox 117 348 1142 427; baseline 0.005 -21"><span class='ocrx_word' id='word_1_4' title='bbox 117 348 162 423; x_wconf 93' lang='grc' dir='ltr'><strong><em>ιβ’.</em></strong></span> <span class='ocrx_word' id='word_1_5' title='bbox 186 353 258 421; x_wconf 89' lang='grc' dir='ltr'><strong><em>Περί</em></strong></span> <span class='ocrx_word' id='word_1_6' title='bbox 280 361 336 408; x_wconf 87' lang='grc' dir='ltr'><strong><em>τῶν</em></strong></span> <span class='ocrx_word' id='word_1_7' title='bbox 356 350 543 424; x_wconf 73' lang='grc' dir='ltr'><strong><em>πραχθέντων</em></strong></span> <span class='ocrx_word' id='word_1_8' title='bbox 560 351 662 427; x_wconf 92' lang='grc' dir='ltr'><strong><em>Ἀππίῳ</em></strong></span> <span class='ocrx_word' id='word_1_9' title='bbox 681 351 813 427; x_wconf 90' lang='grc' dir='ltr'><strong><em>Κλαυδίῳ</em></strong></span> <span class='ocrx_word' id='word_1_10' title='bbox 832 353 905 408; x_wconf 81' lang='grc' dir='ltr'><strong><em>κατὰ</em></strong></span> <span class='ocrx_word' id='word_1_11' title='bbox 922 354 974 425; x_wconf 84' lang='grc' dir='ltr'><strong><em>τήν</em></strong></span> <span class='ocrx_word' id='word_1_12' title='bbox 991 356 1142 427; x_wconf 76' lang='grc' dir='ltr'><strong><em>τιμητικὴν</em></strong></span> 
     </span>
     <span class='ocr_line' id='line_1_3' title="bbox 188 442 285 512; baseline 0.031 -2"><span class='ocrx_word' id='word_1_13' title='bbox 188 442 285 512; x_wconf 71' lang='grc' dir='ltr'><strong><em>ἀυτήν·</em></strong></span> 
     </span>
    </p>

    <p class='ocr_par' dir='ltr' id='par_1_3' title="bbox 117 526 942 606">
     <span class='ocr_line' id='line_1_4' title="bbox 117 526 942 606; baseline 0.004 -22"><span class='ocrx_word' id='word_1_14' title='bbox 117 526 161 600; x_wconf 92' lang='grc' dir='ltr'><strong><em>ιγ’.</em></strong></span> <span class='ocrx_word' id='word_1_15' title='bbox 187 530 352 599; x_wconf 91' lang='grc' dir='ltr'><strong><em>Παράδοσις</em></strong></span> <span class='ocrx_word' id='word_1_16' title='bbox 370 529 518 600; x_wconf 89' lang='grc' dir='ltr'><strong><em>Κορίνθου</em></strong></span> <span class='ocrx_word' id='word_1_17' title='bbox 537 532 586 585; x_wconf 89' lang='grc' dir='ltr'><strong><em>καί</em></strong></span> <span class='ocrx_word' id='word_1_18' title='bbox 606 536 751 595; x_wconf 79' lang='grc' dir='ltr'><strong><em>Σικυῶνος</em></strong></span> <span class='ocrx_word' id='word_1_19' title='bbox 769 530 942 606; x_wconf 90' lang='grc' dir='ltr'><strong><em>Πτολεμαίῳ.</em></strong></span> 
     </span>
    </p>

    <p class='ocr_par' dir='ltr' id='par_1_4' title="bbox 116 616 747 690">
     <span class='ocr_line' id='line_1_5' title="bbox 116 616 747 690; baseline 0.003 -16"><span class='ocrx_word' id='word_1_20' title='bbox 116 616 155 674; x_wconf 88' lang='grc' dir='ltr'><strong><em>ιδ’</em></strong></span> <span class='ocrx_word' id='word_1_21' title='bbox 157 663 162 674; x_wconf 92' lang='grc'><strong><em>.</em></strong></span> <span class='ocrx_word' id='word_1_22' title='bbox 186 619 368 688; x_wconf 90' lang='grc' dir='ltr'><strong><em>Κλεοπάτρας</em></strong></span> <span class='ocrx_word' id='word_1_23' title='bbox 387 620 417 676; x_wconf 89' lang='grc' dir='ltr'><strong><em>ἐν</em></strong></span> <span class='ocrx_word' id='word_1_24' title='bbox 437 619 577 688; x_wconf 77' lang='grc' dir='ltr'><strong><em>Σάρδεσιν</em></strong></span> <span class='ocrx_word' id='word_1_25' title='bbox 597 619 747 690; x_wconf 81' lang='grc' dir='ltr'><strong><em>ἀναίρεσις.</em></strong></span> 
     </span>
    </p>

    <p class='ocr_par' dir='ltr' id='par_1_5' title="bbox 116 704 1186 963">
     <span class='ocr_line' id='line_1_6' title="bbox 116 704 1186 784; baseline 0.006 -21"><span class='ocrx_word' id='word_1_26' title='bbox 116 704 158 763; x_wconf 93' lang='grc' dir='ltr'><strong><em>ιε’.</em></strong></span> <span class='ocrx_word' id='word_1_27' title='bbox 186 710 231 771; x_wconf 82' lang='grc' dir='ltr'><strong><em>Ὡς</em></strong></span> <span class='ocrx_word' id='word_1_28' title='bbox 256 709 426 780; x_wconf 72' lang='grc' dir='ltr'><strong><em>Ἀγαθοκλῆς</em></strong></span> <span class='ocrx_word' id='word_1_29' title='bbox 450 707 665 780; x_wconf 78' lang='grc' dir='ltr'><strong><em>Καρχηδονίους</em></strong></span> <span class='ocrx_word' id='word_1_30' title='bbox 689 710 739 780; x_wconf 81' lang='grc' dir='ltr'><strong><em>μέν</em></strong></span> <span class='ocrx_word' id='word_1_31' title='bbox 765 708 892 780; x_wconf 78' lang='grc' dir='ltr'><strong><em>ἐνίκησεν</em></strong></span> <span class='ocrx_word' id='word_1_32' title='bbox 917 710 1005 784; x_wconf 83' lang='grc' dir='ltr'><strong><em>μάχη,</em></strong></span> <span class='ocrx_word' id='word_1_33' title='bbox 1030 709 1081 768; x_wconf 87' lang='grc' dir='ltr'><strong><em>τὸν</em></strong></span> <span class='ocrx_word' id='word_1_34' title='bbox 1108 713 1142 769; x_wconf 84' lang='grc' dir='ltr'><strong><em>δέ</em></strong></span> <span class='ocrx_word' id='word_1_35' title='bbox 1174 727 1186 768; x_wconf 81' lang='grc' dir='ltr'><strong><em>σ</em></strong></span> 
     </span>
     <span class='ocr_line' id='line_1_7' title="bbox 188 796 1142 869; baseline 0.006 -17"><span class='ocrx_word' id='word_1_36' title='bbox 188 796 329 867; x_wconf 76' lang='grc' dir='ltr'><strong><em>δυνάστην</em></strong></span> <span class='ocrx_word' id='word_1_37' title='bbox 347 801 395 868; x_wconf 88' lang='grc' dir='ltr'><strong><em>τῆς</em></strong></span> <span class='ocrx_word' id='word_1_38' title='bbox 409 798 541 868; x_wconf 85' lang='grc' dir='ltr'><strong><em>Κυρήνης</em></strong></span> <span class='ocrx_word' id='word_1_39' title='bbox 555 796 691 868; x_wconf 75' lang='grc' dir='ltr'><strong><em>Ὀφέλλαν</em></strong></span> <span class='ocrx_word' id='word_1_40' title='bbox 710 798 960 869; x_wconf 70' lang='grc' dir='ltr'><strong><em>μεταπεμψάμενος</em></strong></span> <span class='ocrx_word' id='word_1_41' title='bbox 978 799 1026 869; x_wconf 86' lang='grc' dir='ltr'><strong><em>έπί</em></strong></span> <span class='ocrx_word' id='word_1_42' title='bbox 1043 822 1142 858; x_wconf 92' lang='grc' dir='ltr'><strong><em>κοινο-</em></strong></span> 
     </span>
     <span class='ocr_line' id='line_1_8' title="bbox 186 884 1141 963; baseline 0.006 -22"><span class='ocrx_word' id='word_1_43' title='bbox 186 884 311 956; x_wconf 90' lang='grc' dir='ltr'><strong><em>πραγίαν</em></strong></span> <span class='ocrx_word' id='word_1_44' title='bbox 325 885 508 957; x_wconf 78' lang='grc' dir='ltr'><strong><em>κατέσφαξεν,</em></strong></span> <span class='ocrx_word' id='word_1_45' title='bbox 517 886 566 942; x_wconf 84' lang='grc' dir='ltr'><strong><em>καί</em></strong></span> <span class='ocrx_word' id='word_1_46' title='bbox 580 888 630 959; x_wconf 84' lang='grc' dir='ltr'><strong><em>τήν</em></strong></span> <span class='ocrx_word' id='word_1_47' title='bbox 644 886 713 957; x_wconf 86' lang='grc' dir='ltr'><strong><em>μετὰ</em></strong></span> <span class='ocrx_word' id='word_1_48' title='bbox 726 887 826 942; x_wconf 79' lang='grc' dir='ltr'><strong><em>τούτου</em></strong></span> <span class='ocrx_word' id='word_1_49' title='bbox 840 887 961 958; x_wconf 81' lang='grc' dir='ltr'><strong><em>δύναμιν</em></strong></span> <span class='ocrx_word' id='word_1_50' title='bbox 971 886 1141 963; x_wconf 80' lang='grc' dir='ltr'><strong><em>παρέλαβεν.</em></strong></span> 
     </span>
    </p>

    <p class='ocr_par' dir='ltr' id='par_1_6' title="bbox 116 971 1140 1047">
     <span class='ocr_line' id='line_1_9' title="bbox 116 971 1140 1047; baseline 0.006 -18"><span class='ocrx_word' id='word_1_51' title='bbox 116 971 160 1030; x_wconf 76' lang='grc' dir='ltr'><strong><em>ις’.</em></strong></span> <span class='ocrx_word' id='word_1_52' title='bbox 186 976 232 1038; x_wconf 82' lang='grc' dir='ltr'><strong><em>Ὡς</em></strong></span> <span class='ocrx_word' id='word_1_53' title='bbox 244 973 438 1046; x_wconf 75' lang='grc' dir='ltr'><strong><em>Καρχηδόνιοι</em></strong></span> <span class='ocrx_word' id='word_1_54' title='bbox 452 975 610 1047; x_wconf 85' lang='grc' dir='ltr'><strong><em>Βορμίλκαν</em></strong></span> <span class='ocrx_word' id='word_1_55' title='bbox 630 973 798 1046; x_wconf 85' lang='grc' dir='ltr'><strong><em>ἐπιθέμενον</em></strong></span> <span class='ocrx_word' id='word_1_56' title='bbox 811 975 960 1044; x_wconf 85' lang='grc' dir='ltr'><strong><em>τυραννίδι</em></strong></span> <span class='ocrx_word' id='word_1_57' title='bbox 973 975 1140 1035; x_wconf 90' lang='grc' dir='ltr'><strong><em>κατέλυσαν.</em></strong></span> 
     </span>
    </p>

    <p class='ocr_par' dir='ltr' id='par_1_7' title="bbox 116 1060 1192 1226">
     <span class='ocr_line' id='line_1_10' title="bbox 116 1060 1192 1137; baseline 0.006 -18"><span class='ocrx_word' id='word_1_58' title='bbox 116 1060 157 1128; x_wconf 79' lang='grc' dir='ltr'><strong><em>ιζ’.</em></strong></span> <span class='ocrx_word' id='word_1_59' title='bbox 185 1066 230 1126; x_wconf 76' lang='grc' dir='ltr'><strong><em>Ὡς</em></strong></span> <span class='ocrx_word' id='word_1_60' title='bbox 243 1063 443 1134; x_wconf 90' lang='grc' dir='ltr'><strong><em>Ἀγαθοκλέους</em></strong></span> <span class='ocrx_word' id='word_1_61' title='bbox 457 1063 678 1137; x_wconf 81' lang='grc' dir='ltr'><strong><em>ἀποπέμψαντος</em></strong></span> <span class='ocrx_word' id='word_1_62' title='bbox 692 1066 732 1128; x_wconf 84' lang='grc' dir='ltr'><strong><em>εἰς</em></strong></span> <span class='ocrx_word' id='word_1_63' title='bbox 745 1063 879 1120; x_wconf 76' lang='grc' dir='ltr'><strong><em>Σικελίαν</em></strong></span> <span class='ocrx_word' id='word_1_64' title='bbox 892 1065 928 1121; x_wconf 83' lang='grc' dir='ltr'><strong><em>τά</em></strong></span> <span class='ocrx_word' id='word_1_65' title='bbox 941 1065 1055 1135; x_wconf 87' lang='grc' dir='ltr'><strong><em>λάφυρα</em></strong></span> <span class='ocrx_word' id='word_1_66' title='bbox 1068 1068 1192 1125; x_wconf 84' lang='grc' dir='ltr'><strong><em>τινὰ404</em></strong></span> 
     </span>
     <span class='ocr_line' id='line_1_11' title="bbox 186 1151 1185 1226; baseline 0.006 -18"><span class='ocrx_word' id='word_1_67' title='bbox 186 1162 242 1208; x_wconf 88' lang='grc' dir='ltr'><strong><em>τῶν</em></strong></span> <span class='ocrx_word' id='word_1_68' title='bbox 260 1151 365 1209; x_wconf 87' lang='grc' dir='ltr'><strong><em>πλοίων</em></strong></span> <span class='ocrx_word' id='word_1_69' title='bbox 384 1153 565 1226; x_wconf 88' lang='grc' dir='ltr'><strong><em>έναυάγησεν.</em></strong></span> <span class='ocrx_word' id='word_1_70' title='bbox 1159 1175 1185 1214; x_wconf 82' lang='lat'><strong><em>1⁰</em></strong></span> 
     </span>
    </p>

    <p class='ocr_par' dir='ltr' id='par_1_8' title="bbox 116 1237 1140 1408">
     <span class='ocr_line' id='line_1_12' title="bbox 116 1237 1140 1315; baseline 0.006 -20"><span class='ocrx_word' id='word_1_71' title='bbox 116 1237 162 1312; x_wconf 91' lang='grc' dir='ltr'><strong><em>ιη’.</em></strong></span> <span class='ocrx_word' id='word_1_72' title='bbox 185 1243 230 1305; x_wconf 79' lang='grc' dir='ltr'><strong><em>Ὡς</em></strong></span> <span class='ocrx_word' id='word_1_73' title='bbox 258 1241 390 1313; x_wconf 69' lang='grc' dir='ltr'><strong><em>Ῥωμαῖοι</em></strong></span> <span class='ocrx_word' id='word_1_74' title='bbox 416 1249 547 1312; x_wconf 87' lang='grc' dir='ltr'><strong><em>Μαρσοῖς</em></strong></span> <span class='ocrx_word' id='word_1_75' title='bbox 578 1243 629 1313; x_wconf 77' lang='grc' dir='ltr'><strong><em>μέν</em></strong></span> <span class='ocrx_word' id='word_1_76' title='bbox 656 1239 872 1313; x_wconf 76' lang='grc' dir='ltr'><strong><em>πολεμουμένοις</em></strong></span> <span class='ocrx_word' id='word_1_77' title='bbox 902 1241 958 1299; x_wconf 73' lang='grc' dir='ltr'><strong><em>ὑπὸ</em></strong></span> <span class='ocrx_word' id='word_1_78' title='bbox 987 1248 1140 1315; x_wconf 86' lang='grc' dir='ltr'><strong><em>Σαμνιτῶν</em></strong></span> 
     </span>
     <span class='ocr_line' id='line_1_13' title="bbox 187 1329 1083 1408; baseline 0.002 -22"><span class='ocrx_word' id='word_1_79' title='bbox 187 1331 358 1402; x_wconf 80' lang='grc' dir='ltr'><strong><em>ἐβοήθησαν,</em></strong></span> <span class='ocrx_word' id='word_1_80' title='bbox 377 1332 407 1388; x_wconf 91' lang='grc' dir='ltr'><strong><em>ἐν</em></strong></span> <span class='ocrx_word' id='word_1_81' title='bbox 427 1333 457 1387; x_wconf 83' lang='grc' dir='ltr'><strong><em>δέ</em></strong></span> <span class='ocrx_word' id='word_1_82' title='bbox 476 1338 509 1406; x_wconf 83' lang='grc' dir='ltr'><strong><em>τῆ</em></strong></span> <span class='ocrx_word' id='word_1_83' title='bbox 530 1330 674 1408; x_wconf 76' lang='grc' dir='ltr'><strong><em>Τυρρηνίᾳ</em></strong></span> <span class='ocrx_word' id='word_1_84' title='bbox 692 1331 822 1401; x_wconf 90' lang='grc' dir='ltr'><strong><em>Κάπριον</em></strong></span> <span class='ocrx_word' id='word_1_85' title='bbox 841 1329 1083 1403; x_wconf 79' lang='grc' dir='ltr'><strong><em>ἐξεπολιόρκησαν.</em></strong></span> 
     </span>
    </p>

    <p class='ocr_par' dir='ltr' id='par_1_9' title="bbox 115 1416 1141 1565">
     <span class='ocr_line' id='line_1_14' title="bbox 115 1416 1141 1492; baseline 0.003 -17"><span class='ocrx_word' id='word_1_86' title='bbox 115 1416 166 1475; x_wconf 72' lang='grc' dir='ltr'><strong><em>σθ’.</em></strong></span> <span class='ocrx_word' id='word_1_87' title='bbox 185 1419 347 1491; x_wconf 88' lang='grc' dir='ltr'><strong><em>Δημητρίου</em></strong></span> <span class='ocrx_word' id='word_1_88' title='bbox 369 1432 419 1477; x_wconf 85' lang='grc' dir='ltr'><strong><em>τοῶ</em></strong></span> <span class='ocrx_word' id='word_1_89' title='bbox 440 1426 624 1492; x_wconf 80' lang='grc' dir='ltr'><strong><em>πολιορκητοῦ</em></strong></span> <span class='ocrx_word' id='word_1_90' title='bbox 643 1420 802 1485; x_wconf 79' lang='grc' dir='ltr'><strong><em>κατάπλους</em></strong></span> <span class='ocrx_word' id='word_1_91' title='bbox 820 1422 861 1484; x_wconf 84' lang='grc' dir='ltr'><strong><em>εἰς</em></strong></span> <span class='ocrx_word' id='word_1_92' title='bbox 877 1419 927 1478; x_wconf 84' lang='grc' dir='ltr'><strong><em>τὸν</em></strong></span> <span class='ocrx_word' id='word_1_93' title='bbox 945 1426 1070 1491; x_wconf 79' lang='grc' dir='ltr'><strong><em>Πειραιᾶ</em></strong></span> <span class='ocrx_word' id='word_1_94' title='bbox 1088 1424 1141 1479; x_wconf 92' lang='grc' dir='ltr'><strong><em>καί</em></strong></span> 
     </span>
     <span class='ocr_line' id='line_1_15' title="bbox 185 1508 546 1565; baseline 0 -1"><span class='ocrx_word' id='word_1_95' title='bbox 185 1517 217 1564; x_wconf 79' lang='grc' dir='ltr'><strong><em>τ’</em></strong></span> <span class='ocrx_word' id='word_1_96' title='bbox 252 1515 355 1565; x_wconf 91' lang='grc' dir='ltr'><strong><em>Μουνυ</em></strong></span> <span class='ocrx_word' id='word_1_97' title='bbox 375 1508 405 1565; x_wconf 93' lang='grc' dir='ltr'><strong><em>ία</em></strong></span> <span class='ocrx_word' id='word_1_98' title='bbox 439 1511 546 1565; x_wconf 77' lang='grc' dir='ltr'><strong><em>ἄλαισι.</em></strong></span> 
     </span>
    </p>

    <p class='ocr_par' dir='ltr' id='par_1_10' title="bbox 114 1530 1184 1669">
     <span class='ocr_line' id='line_1_16' title="bbox 114 1530 1184 1669; baseline 0.007 -16"><span class='ocrx_word' id='word_1_99' title='bbox 114 1594 149 1653; x_wconf 92' lang='grc' dir='ltr'><strong><em>κ’.</em></strong></span> <span class='ocrx_word' id='word_1_100' title='bbox 185 1530 385 1668; x_wconf 55' lang='grc' dir='ltr'><strong><em>’ἕλευθέρωσλς</em></strong></span> <span class='ocrx_word' id='word_1_101' title='bbox 402 1531 560 1667; x_wconf 63' lang='grc' dir='ltr'><strong><em>Ἀθηναίάν</em></strong></span> <span class='ocrx_word' id='word_1_102' title='bbox 578 1600 628 1654; x_wconf 86' lang='grc' dir='ltr'><strong><em>καί</em></strong></span> <span class='ocrx_word' id='word_1_103' title='bbox 646 1597 809 1669; x_wconf 90' lang='grc' dir='ltr'><strong><em>Μεγαρέων.</em></strong></span> <span class='ocrx_word' id='word_1_104' title='bbox 1160 1619 1184 1660; x_wconf 79' lang='grc' dir='ltr'><strong><em>ιι</em></strong></span> 
     </span>
    </p>

    <p class='ocr_par' dir='ltr' id='par_1_11' title="bbox 114 1684 1141 1846">
     <span class='ocr_line' id='line_1_17' title="bbox 114 1684 1141 1758; baseline 0.007 -17"><span class='ocrx_word' id='word_1_105' title='bbox 114 1684 169 1742; x_wconf 90' lang='grc' dir='ltr'><strong><em>κα’.</em></strong></span> <span class='ocrx_word' id='word_1_106' title='bbox 186 1689 280 1750; x_wconf 85' lang='grc' dir='ltr'><strong><em>Πλοῶς</em></strong></span> <span class='ocrx_word' id='word_1_107' title='bbox 298 1686 344 1741; x_wconf 89' lang='grc' dir='ltr'><strong><em>ἐπί</em></strong></span> <span class='ocrx_word' id='word_1_108' title='bbox 362 1688 480 1756; x_wconf 82' lang='grc' dir='ltr'><strong><em>Κάπρον</em></strong></span> <span class='ocrx_word' id='word_1_109' title='bbox 493 1686 655 1758; x_wconf 86' lang='grc' dir='ltr'><strong><em>Δημητρίου</em></strong></span> <span class='ocrx_word' id='word_1_110' title='bbox 674 1689 723 1743; x_wconf 89' lang='grc' dir='ltr'><strong><em>καί</em></strong></span> <span class='ocrx_word' id='word_1_111' title='bbox 741 1687 816 1758; x_wconf 89' lang='grc' dir='ltr'><strong><em>μάχη</em></strong></span> <span class='ocrx_word' id='word_1_112' title='bbox 834 1687 905 1757; x_wconf 84' lang='grc' dir='ltr'><strong><em>πρὸς</em></strong></span> <span class='ocrx_word' id='word_1_113' title='bbox 920 1687 1069 1745; x_wconf 89' lang='grc' dir='ltr'><strong><em>Μενέλαον</em></strong></span> <span class='ocrx_word' id='word_1_114' title='bbox 1088 1689 1141 1749; x_wconf 85' lang='grc' dir='ltr'><strong><em>τὸν</em></strong></span> 
     </span>
     <span class='ocr_line' id='line_1_18' title="bbox 186 1773 763 1846; baseline 0 -14"><span class='ocrx_word' id='word_1_115' title='bbox 186 1773 341 1846; x_wconf 87' lang='grc' dir='ltr'><strong><em>στρατηγὸν</em></strong></span> <span class='ocrx_word' id='word_1_116' title='bbox 361 1777 409 1830; x_wconf 85' lang='grc' dir='ltr'><strong><em>καί</em></strong></span> <span class='ocrx_word' id='word_1_117' title='bbox 428 1779 589 1846; x_wconf 83' lang='grc' dir='ltr'><strong><em>Σαλαμῖνος</em></strong></span> <span class='ocrx_word' id='word_1_118' title='bbox 608 1775 763 1845; x_wconf 83' lang='grc' dir='ltr'><strong><em>πολιορκία.</em></strong></span> 
     </span>
    </p>

    <p class='ocr_par' dir='ltr' id='par_1_12' title="bbox 114 1861 1139 1939">
     <span class='ocr_line' id='line_1_19' title="bbox 114 1861 1139 1939; baseline 0.006 -20"><span class='ocrx_word' id='word_1_119' title='bbox 114 1861 160 1936; x_wconf 86' lang='grc' dir='ltr'><strong><em>κβ</em></strong></span> <span class='ocrx_word' id='word_1_120' title='bbox 162 1908 167 1919; x_wconf 93' lang='grc'><strong><em>.</em></strong></span> <span class='ocrx_word' id='word_1_121' title='bbox 186 1863 342 1935; x_wconf 91' lang='grc' dir='ltr'><strong><em>Ναυμαχία</em></strong></span> <span class='ocrx_word' id='word_1_122' title='bbox 355 1863 517 1936; x_wconf 86' lang='grc' dir='ltr'><strong><em>Δημητρίου</em></strong></span> <span class='ocrx_word' id='word_1_123' title='bbox 536 1864 606 1935; x_wconf 85' lang='grc' dir='ltr'><strong><em>πρὸς</em></strong></span> <span class='ocrx_word' id='word_1_124' title='bbox 624 1869 799 1936; x_wconf 81' lang='grc' dir='ltr'><strong><em>Πτολεμαῖον</em></strong></span> <span class='ocrx_word' id='word_1_125' title='bbox 816 1867 867 1927; x_wconf 83' lang='grc' dir='ltr'><strong><em>καί</em></strong></span> <span class='ocrx_word' id='word_1_126' title='bbox 886 1865 950 1938; x_wconf 91' lang='grc' dir='ltr'><strong><em>νίκη</em></strong></span> <span class='ocrx_word' id='word_1_127' title='bbox 964 1868 1139 1939; x_wconf 88' lang='grc' dir='ltr'><strong><em>Δημητρίου.</em></strong></span> 
     </span>
    </p>

    <p class='ocr_par' dir='ltr' id='par_1_13' title="bbox 114 1949 1139 2029">
     <span class='ocr_line' id='line_1_20' title="bbox 114 1949 1139 2029; baseline 0.008 -22"><span class='ocrx_word' id='word_1_128' title='bbox 114 1949 166 2024; x_wconf 90' lang='grc' dir='ltr'><strong><em>κγ’.</em></strong></span> <span class='ocrx_word' id='word_1_129' title='bbox 186 1953 357 2024; x_wconf 90' lang='grc' dir='ltr'><strong><em>Παράληψις</em></strong></span> <span class='ocrx_word' id='word_1_130' title='bbox 370 1955 488 2024; x_wconf 81' lang='grc' dir='ltr'><strong><em>Κάπρου</em></strong></span> <span class='ocrx_word' id='word_1_131' title='bbox 506 1974 535 2010; x_wconf 92' lang='grc' dir='ltr'><strong><em>τε</em></strong></span> <span class='ocrx_word' id='word_1_132' title='bbox 554 1955 646 2025; x_wconf 83' lang='grc' dir='ltr'><strong><em>πάσης</em></strong></span> <span class='ocrx_word' id='word_1_133' title='bbox 663 1955 712 2010; x_wconf 89' lang='grc' dir='ltr'><strong><em>καί</em></strong></span> <span class='ocrx_word' id='word_1_134' title='bbox 730 1963 779 2026; x_wconf 85' lang='grc' dir='ltr'><strong><em>τῆς</em></strong></span> <span class='ocrx_word' id='word_1_135' title='bbox 792 1954 968 2026; x_wconf 83' lang='grc' dir='ltr'><strong><em>Πτολεμαίου</em></strong></span> <span class='ocrx_word' id='word_1_136' title='bbox 983 1957 1139 2029; x_wconf 84' lang='grc' dir='ltr'><strong><em>δυνάμεως.</em></strong></span> 
     </span>
    </p>

    <p class='ocr_par' dir='ltr' id='par_1_14' title="bbox 114 2039 1184 2295">
     <span class='ocr_line' id='line_1_21' title="bbox 114 2039 1184 2118; baseline 0.007 -21"><span class='ocrx_word' id='word_1_137' title='bbox 114 2039 167 2098; x_wconf 88' lang='grc' dir='ltr'><strong><em>κδ’.</em></strong></span> <span class='ocrx_word' id='word_1_138' title='bbox 187 2044 231 2106; x_wconf 81' lang='grc' dir='ltr'><strong><em>Ὡς</em></strong></span> <span class='ocrx_word' id='word_1_139' title='bbox 249 2042 318 2113; x_wconf 82' lang='grc' dir='ltr'><strong><em>μετὰ</em></strong></span> <span class='ocrx_word' id='word_1_140' title='bbox 335 2044 387 2114; x_wconf 85' lang='grc' dir='ltr'><strong><em>τήν</em></strong></span> <span class='ocrx_word' id='word_1_141' title='bbox 405 2041 488 2113; x_wconf 94' lang='grc' dir='ltr'><strong><em>νίκην</em></strong></span> <span class='ocrx_word' id='word_1_142' title='bbox 506 2045 611 2114; x_wconf 83' lang='grc' dir='ltr'><strong><em>ταύτην</em></strong></span> <span class='ocrx_word' id='word_1_143' title='bbox 633 2042 791 2113; x_wconf 86' lang='grc' dir='ltr'><strong><em>Ἀντιγόνου</em></strong></span> <span class='ocrx_word' id='word_1_144' title='bbox 810 2044 860 2098; x_wconf 84' lang='grc' dir='ltr'><strong><em>καί</em></strong></span> <span class='ocrx_word' id='word_1_145' title='bbox 877 2044 1039 2116; x_wconf 92' lang='grc' dir='ltr'><strong><em>Δημητρίου</em></strong></span> <span class='ocrx_word' id='word_1_146' title='bbox 1058 2067 1141 2118; x_wconf 85' lang='grc' dir='ltr'><strong><em>περι·</em></strong></span> <span class='ocrx_word' id='word_1_147' title='bbox 1158 2064 1184 2105; x_wconf 77' lang='grc' dir='ltr'><strong><em>ιι</em></strong></span> 
     </span>
     <span class='ocr_line' id='line_1_22' title="bbox 185 2130 1140 2206; baseline 0.006 -19"><span class='ocrx_word' id='word_1_148' title='bbox 185 2130 314 2202; x_wconf 78' lang='grc' dir='ltr'><strong><em>θεμένων</em></strong></span> <span class='ocrx_word' id='word_1_149' title='bbox 328 2132 453 2202; x_wconf 87' lang='grc' dir='ltr'><strong><em>διάδημα</em></strong></span> <span class='ocrx_word' id='word_1_150' title='bbox 467 2133 703 2202; x_wconf 78' lang='grc' dir='ltr'><strong><em>ζηλοτυπήσαντες</em></strong></span> <span class='ocrx_word' id='word_1_151' title='bbox 717 2133 745 2187; x_wconf 84' lang='grc' dir='ltr'><strong><em>ολ</em></strong></span> <span class='ocrx_word' id='word_1_152' title='bbox 758 2134 852 2188; x_wconf 86' lang='grc' dir='ltr'><strong><em>λοιποί</em></strong></span> <span class='ocrx_word' id='word_1_153' title='bbox 866 2134 1003 2190; x_wconf 90' lang='grc' dir='ltr'><strong><em>δυνάσται</em></strong></span> <span class='ocrx_word' id='word_1_154' title='bbox 1014 2137 1140 2206; x_wconf 79' lang='grc' dir='ltr'><strong><em>βασιλεῖς</em></strong></span> 
     </span>
     <span class='ocr_line' id='line_1_23' title="bbox 185 2219 1050 2295; baseline -0.001 -19"><span class='ocrx_word' id='word_1_155' title='bbox 185 2221 303 2284; x_wconf 81' lang='grc' dir='ltr'><strong><em>έαυτοίις</em></strong></span> <span class='ocrx_word' id='word_1_156' title='bbox 321 2219 523 2292; x_wconf 81' lang='grc' dir='ltr'><strong><em>ἀνηγόρευσαν.</em></strong></span> <span class='ocrx_word' id='word_1_157' title='bbox 1046 2287 1050 2295; x_wconf 29' lang='lat'>⁸</span> 
     </span>
    </p>

    <p class='ocr_par' dir='ltr' id='par_1_15' title="bbox 114 2307 1140 2469">
     <span class='ocr_line' id='line_1_24' title="bbox 114 2307 1140 2388; baseline 0.007 -24"><span class='ocrx_word' id='word_1_158' title='bbox 114 2307 162 2365; x_wconf 91' lang='grc' dir='ltr'><strong><em>κε’.</em></strong></span> <span class='ocrx_word' id='word_1_159' title='bbox 184 2312 229 2373; x_wconf 78' lang='grc' dir='ltr'><strong><em>Ὡς</em></strong></span> <span class='ocrx_word' id='word_1_160' title='bbox 252 2311 423 2380; x_wconf 82' lang='grc' dir='ltr'><strong><em>Ἀγαθοκλῆς</em></strong></span> <span class='ocrx_word' id='word_1_161' title='bbox 444 2308 554 2380; x_wconf 76' lang='grc' dir='ltr'><strong><em>Ἰτύκην</em></strong></span> <span class='ocrx_word' id='word_1_162' title='bbox 580 2310 798 2382; x_wconf 79' lang='grc' dir='ltr'><strong><em>ἐκπολιορκήσας</em></strong></span> <span class='ocrx_word' id='word_1_163' title='bbox 823 2311 964 2384; x_wconf 83' lang='grc' dir='ltr'><strong><em>διεβίβασε</em></strong></span> <span class='ocrx_word' id='word_1_164' title='bbox 987 2311 1071 2384; x_wconf 88' lang='grc' dir='ltr'><strong><em>μέρος</em></strong></span> <span class='ocrx_word' id='word_1_165' title='bbox 1087 2325 1140 2388; x_wconf 90' lang='grc' dir='ltr'><strong><em>τῆς</em></strong></span> 
     </span>
     <span class='ocr_line' id='line_1_25' title="bbox 186 2398 617 2469; baseline 0.002 -15"><span class='ocrx_word' id='word_1_166' title='bbox 186 2399 330 2469; x_wconf 90' lang='grc' dir='ltr'><strong><em>δυνάμεως</em></strong></span> <span class='ocrx_word' id='word_1_167' title='bbox 348 2399 388 2461; x_wconf 91' lang='grc' dir='ltr'><strong><em>είς</em></strong></span> <span class='ocrx_word' id='word_1_168' title='bbox 405 2398 456 2469; x_wconf 85' lang='grc' dir='ltr'><strong><em>τήν</em></strong></span> <span class='ocrx_word' id='word_1_169' title='bbox 475 2400 617 2455; x_wconf 87' lang='grc' dir='ltr'><strong><em>Σικελίαν.</em></strong></span> 
     </span>
    </p>

    <p class='ocr_par' dir='ltr' id='par_1_16' title="bbox 113 2485 1182 2646">
     <span class='ocr_line' id='line_1_26' title="bbox 113 2485 1182 2561; baseline 0.008 -20"><span class='ocrx_word' id='word_1_170' title='bbox 113 2485 165 2542; x_wconf 71' lang='grc' dir='ltr'><strong><em>κε’.</em></strong></span> <span class='ocrx_word' id='word_1_171' title='bbox 184 2491 229 2550; x_wconf 78' lang='grc' dir='ltr'><strong><em>Ὡς</em></strong></span> <span class='ocrx_word' id='word_1_172' title='bbox 254 2489 464 2557; x_wconf 82' lang='grc' dir='ltr'><strong><em>Ἀκραγαντῖνοι</em></strong></span> <span class='ocrx_word' id='word_1_173' title='bbox 490 2487 719 2558; x_wconf 83' lang='grc' dir='ltr'><strong><em>παραταξάμενοι</em></strong></span> <span class='ocrx_word' id='word_1_174' title='bbox 745 2487 815 2558; x_wconf 86' lang='grc' dir='ltr'><strong><em>πρὸς</em></strong></span> <span class='ocrx_word' id='word_1_175' title='bbox 841 2492 907 2555; x_wconf 72' lang='grc' dir='ltr'><strong><em>τοὺς</em></strong></span> <span class='ocrx_word' id='word_1_176' title='bbox 935 2491 1140 2561; x_wconf 86' lang='grc' dir='ltr'><strong><em>Ἀγαθοκλέους</em></strong></span> <span class='ocrx_word' id='word_1_177' title='bbox 1157 2509 1182 2550; x_wconf 80' lang='grc' dir='ltr'><strong><em>ιι</em></strong></span> 
     </span>
     <span class='ocr_line' id='line_1_27' title="bbox 186 2576 544 2646; baseline 0 -15"><span class='ocrx_word' id='word_1_178' title='bbox 186 2578 355 2646; x_wconf 79' lang='grc' dir='ltr'><strong><em>στρατηγοὺς</em></strong></span> <span class='ocrx_word' id='word_1_179' title='bbox 373 2576 544 2646; x_wconf 77' lang='grc' dir='ltr'><strong><em>ἡττήθησαν.</em></strong></span> 
     </span>
    </p>

    <p class='ocr_par' dir='ltr' id='par_1_17' title="bbox 113 2662 1139 2912">
     <span class='ocr_line' id='line_1_28' title="bbox 113 2662 1139 2739; baseline 0.008 -20"><span class='ocrx_word' id='word_1_180' title='bbox 113 2662 161 2730; x_wconf 80' lang='grc' dir='ltr'><strong><em>κζ’.</em></strong></span> <span class='ocrx_word' id='word_1_181' title='bbox 185 2668 230 2728; x_wconf 77' lang='grc' dir='ltr'><strong><em>Ὡς</em></strong></span> <span class='ocrx_word' id='word_1_182' title='bbox 249 2666 419 2735; x_wconf 80' lang='grc' dir='ltr'><strong><em>Ἀγαθοκλῆς</em></strong></span> <span class='ocrx_word' id='word_1_183' title='bbox 435 2663 604 2734; x_wconf 87' lang='grc' dir='ltr'><strong><em>Ἡράκλειαν</em></strong></span> <span class='ocrx_word' id='word_1_184' title='bbox 623 2667 673 2736; x_wconf 77' lang='grc' dir='ltr'><strong><em>μέν</em></strong></span> <span class='ocrx_word' id='word_1_185' title='bbox 692 2668 741 2721; x_wconf 90' lang='grc' dir='ltr'><strong><em>καί</em></strong></span> <span class='ocrx_word' id='word_1_186' title='bbox 762 2666 857 2738; x_wconf 85' lang='grc' dir='ltr'><strong><em>Θέρμα</em></strong></span> <span class='ocrx_word' id='word_1_187' title='bbox 875 2670 925 2724; x_wconf 85' lang='grc' dir='ltr'><strong><em>καί</em></strong></span> <span class='ocrx_word' id='word_1_188' title='bbox 942 2668 1139 2739; x_wconf 82' lang='grc' dir='ltr'><strong><em>Κεφαλοίδιον</em></strong></span> 
     </span>
     <span class='ocr_line' id='line_1_29' title="bbox 185 2753 1138 2829; baseline 0.009 -21"><span class='ocrx_word' id='word_1_189' title='bbox 185 2753 388 2824; x_wconf 82' lang='grc' dir='ltr'><strong><em>προσηγάγετο,</em></strong></span> <span class='ocrx_word' id='word_1_190' title='bbox 412 2755 464 2826; x_wconf 84' lang='grc' dir='ltr'><strong><em>τήν</em></strong></span> <span class='ocrx_word' id='word_1_191' title='bbox 489 2755 520 2810; x_wconf 82' lang='grc' dir='ltr'><strong><em>δέ</em></strong></span> <span class='ocrx_word' id='word_1_192' title='bbox 545 2765 601 2811; x_wconf 92' lang='grc' dir='ltr'><strong><em>τῶν</em></strong></span> <span class='ocrx_word' id='word_1_193' title='bbox 623 2758 845 2813; x_wconf 84' lang='grc' dir='ltr'><strong><em>Ἀπολλωνιατῶν</em></strong></span> <span class='ocrx_word' id='word_1_194' title='bbox 867 2759 962 2829; x_wconf 85' lang='grc' dir='ltr'><strong><em>χάραν</em></strong></span> <span class='ocrx_word' id='word_1_195' title='bbox 984 2759 1033 2813; x_wconf 85' lang='grc' dir='ltr'><strong><em>καί</em></strong></span> <span class='ocrx_word' id='word_1_196' title='bbox 1051 2757 1138 2817; x_wconf 83' lang='grc' dir='ltr'><strong><em>πάλιν</em></strong></span> 
     </span>
     <span class='ocr_line' id='line_1_30' title="bbox 184 2841 450 2912; baseline 0.008 -15"><span class='ocrx_word' id='word_1_197' title='bbox 184 2841 450 2912; x_wconf 82' lang='grc' dir='ltr'><strong><em>ἐξηνδραποδίσατο.</em></strong></span> 
     </span>
    </p>

    <p class='ocr_par' dir='ltr' id='par_1_18' title="bbox 113 2928 1181 3094">
     <span class='ocr_line' id='line_1_31' title="bbox 113 2928 1181 3012; baseline 0.009 -26"><span class='ocrx_word' id='word_1_198' title='bbox 113 2928 166 3002; x_wconf 90' lang='grc' dir='ltr'><strong><em>κη’.</em></strong></span> <span class='ocrx_word' id='word_1_199' title='bbox 185 2933 230 2994; x_wconf 81' lang='grc' dir='ltr'><strong><em>Ὡς</em></strong></span> <span class='ocrx_word' id='word_1_200' title='bbox 254 2932 424 3003; x_wconf 89' lang='grc' dir='ltr'><strong><em>Ἀγαθοκλῆς</em></strong></span> <span class='ocrx_word' id='word_1_201' title='bbox 449 2933 479 2988; x_wconf 93' lang='grc' dir='ltr'><strong><em>ἐν</em></strong></span> <span class='ocrx_word' id='word_1_202' title='bbox 505 2932 622 3010; x_wconf 75' lang='grc' dir='ltr'><strong><em>Σικελίᾳ</em></strong></span> <span class='ocrx_word' id='word_1_203' title='bbox 646 2933 790 3012; x_wconf 74' lang='grc' dir='ltr'><strong><em>ναυμαχίᾳ</em></strong></span> <span class='ocrx_word' id='word_1_204' title='bbox 814 2936 864 3006; x_wconf 84' lang='grc' dir='ltr'><strong><em>μέν</em></strong></span> <span class='ocrx_word' id='word_1_205' title='bbox 888 2934 997 3007; x_wconf 92' lang='grc' dir='ltr'><strong><em>ἐνίκησε</em></strong></span> <span class='ocrx_word' id='word_1_206' title='bbox 1020 2942 1138 3009; x_wconf 86' lang='grc' dir='ltr'><strong><em>Καρχη-</em></strong></span> <span class='ocrx_word' id='word_1_207' title='bbox 1156 2954 1181 2996; x_wconf 78' lang='grc' dir='ltr'><strong><em>σι</em></strong></span> 
     </span>
     <span class='ocr_line' id='line_1_32' title="bbox 185 3019 709 3094; baseline 0.008 -18"><span class='ocrx_word' id='word_1_208' title='bbox 185 3019 311 3090; x_wconf 88' lang='grc' dir='ltr'><strong><em>δονλους,</em></strong></span> <span class='ocrx_word' id='word_1_209' title='bbox 329 3020 404 3092; x_wconf 88' lang='grc' dir='ltr'><strong><em>μάχη</em></strong></span> <span class='ocrx_word' id='word_1_210' title='bbox 423 3020 450 3076; x_wconf 86' lang='grc' dir='ltr'><strong><em>δ’</em></strong></span> <span class='ocrx_word' id='word_1_211' title='bbox 471 3021 709 3094; x_wconf 88' lang='grc' dir='ltr'><strong><em>Ἀκραγαντίνους.</em></strong></span> 
     </span>
    </p>
   </div>
   <div class='ocr_carea' id='block_1_3' title="bbox 112 3143 1139 3437">
    <p class='ocr_par' dir='ltr' id='par_1_19' title="bbox 112 3143 1139 3437">
     <span class='ocr_line' id='line_1_33' title="bbox 184 3143 1139 3222; baseline 0.008 -21"><span class='ocrx_word' id='word_1_212' title='bbox 184 3143 368 3219; x_wconf 78' lang='grc' dir='ltr'><strong><em>δὈφέλλαν]</em></strong></span> <span class='ocrx_word' id='word_1_213' title='bbox 394 3147 429 3202; x_wconf 83' lang='lat' dir='ltr'><strong><em>of.</em></strong></span> <span class='ocrx_word' id='word_1_214' title='bbox 447 3147 539 3202; x_wconf 89' lang='lat' dir='ltr'><strong>XVIII</strong></span> <span class='ocrx_word' id='word_1_215' title='bbox 557 3155 600 3216; x_wconf 78' lang='lat'><strong><em>21,</em></strong></span> <span class='ocrx_word' id='word_1_216' title='bbox 616 3156 640 3204; x_wconf 74' lang='lat'><strong><em>7.</em></strong></span> <span class='ocrx_word' id='word_1_217' title='bbox 713 3147 907 3219; x_wconf 89' lang='grc' dir='ltr'><strong><em>8Βορμίλκαν</em></strong></span> <span class='ocrx_word' id='word_1_218' title='bbox 932 3151 999 3206; x_wconf 89' lang='lat' dir='ltr'>libri</span> <span class='ocrx_word' id='word_1_219' title='bbox 1024 3168 1139 3222; x_wconf 81' lang='lat' dir='ltr'><strong>semper</strong></span> 
     </span>
     <span class='ocr_line' id='line_1_34' title="bbox 113 3217 1137 3292; baseline 0.011 -21"><span class='ocrx_word' id='word_1_220' title='bbox 113 3234 222 3285; x_wconf 70' lang='lat' dir='ltr'>omnes,</span> <span class='ocrx_word' id='word_1_221' title='bbox 248 3219 283 3273; x_wconf 85' lang='lat' dir='ltr'><strong><em>cf.</em></strong></span> <span class='ocrx_word' id='word_1_222' title='bbox 310 3219 347 3274; x_wconf 78' lang='lat' dir='ltr'><strong><em>ad</em></strong></span> <span class='ocrx_word' id='word_1_223' title='bbox 371 3217 423 3272; x_wconf 88' lang='lat' dir='ltr'><strong><em>XX</em></strong></span> <span class='ocrx_word' id='word_1_224' title='bbox 442 3225 524 3286; x_wconf 83' lang='lat'>10,1.</span> <span class='ocrx_word' id='word_1_225' title='bbox 580 3218 748 3276; x_wconf 82' lang='grc' dir='ltr'><strong><em>κατέλευσαν</em></strong></span> <span class='ocrx_word' id='word_1_226' title='bbox 771 3222 860 3277; x_wconf 81' lang='lat' dir='ltr'>Wess.</span> <span class='ocrx_word' id='word_1_227' title='bbox 889 3222 935 3292; x_wconf 84' lang='lat' dir='ltr'>(cf.</span> <span class='ocrx_word' id='word_1_228' title='bbox 960 3221 1011 3275; x_wconf 91' lang='lat' dir='ltr'><strong><em>XX</em></strong></span> <span class='ocrx_word' id='word_1_229' title='bbox 1034 3229 1078 3291; x_wconf 89' lang='lat'><strong><em>44,</em></strong></span> <span class='ocrx_word' id='word_1_230' title='bbox 1098 3228 1137 3292; x_wconf 88' lang='grc'><strong><em>6).</em></strong></span> 
     </span>
     <span class='ocr_line' id='line_1_35' title="bbox 112 3287 1139 3417; baseline 0.005 -73"><span class='ocrx_word' id='word_1_231' title='bbox 112 3289 130 3344; x_wconf 82' lang='grc'>9</span> <span class='ocrx_word' id='word_1_232' title='bbox 149 3287 380 3361; x_wconf 81' lang='grc' dir='ltr'><strong><em>ἀποπέμψαντος]</em></strong></span> <span class='ocrx_word' id='word_1_233' title='bbox 401 3288 616 3355; x_wconf 79' lang='grc' dir='ltr'><strong><em>ἀποστείλαντος</em></strong></span> <span class='ocrx_word' id='word_1_234' title='bbox 634 3293 663 3347; x_wconf 78' lang='lat' dir='ltr'><strong><em>F.</em></strong></span> <span class='ocrx_word' id='word_1_235' title='bbox 725 3293 759 3347; x_wconf 95' lang='grc'><strong><em>11</em></strong></span> <span class='ocrx_word' id='word_1_236' title='bbox 779 3295 920 3417; x_wconf 46' lang='grc' dir='ltr'><strong><em>Μαρσοῑὲ</em></strong></span> <span class='ocrx_word' id='word_1_237' title='bbox 940 3291 1066 3362; x_wconf 86' lang='grc' dir='ltr'><strong><em>Μαρίοις</em></strong></span> <span class='ocrx_word' id='word_1_238' title='bbox 1083 3295 1139 3350; x_wconf 87' lang='lat' dir='ltr'>RX</span> 
     </span>
     <span class='ocr_line' id='line_1_36' title="bbox 113 3359 1139 3437; baseline 0.01 -23"><span class='ocrx_word' id='word_1_239' title='bbox 113 3360 158 3429; x_wconf 88' lang='lat' dir='ltr'><strong>(cf.</strong></span> <span class='ocrx_word' id='word_1_240' title='bbox 182 3359 233 3412; x_wconf 92' lang='lat' dir='ltr'><strong><em>XX</em></strong></span> <span class='ocrx_word' id='word_1_241' title='bbox 255 3367 298 3428; x_wconf 90' lang='lat'><strong><em>44,</em></strong></span> <span class='ocrx_word' id='word_1_242' title='bbox 318 3365 345 3431; x_wconf 81' lang='lat'><strong><em>8)</em></strong></span> <span class='ocrx_word' id='word_1_243' title='bbox 370 3361 479 3427; x_wconf 81' lang='grc' dir='ltr'><strong><em>Ἰάπυξι</em></strong></span> <span class='ocrx_word' id='word_1_244' title='bbox 501 3363 531 3417; x_wconf 77' lang='lat' dir='ltr'><strong><em>F.</em></strong></span> <span class='ocrx_word' id='word_1_245' title='bbox 604 3364 640 3418; x_wconf 74' lang='lat'><strong><em>12</em></strong></span> <span class='ocrx_word' id='word_1_246' title='bbox 662 3363 804 3437; x_wconf 92' lang='grc' dir='ltr'><strong><em>Κάπριον]</em></strong></span> <span class='ocrx_word' id='word_1_247' title='bbox 834 3365 868 3419; x_wconf 83' lang='lat' dir='ltr'><strong><em>cf.</em></strong></span> <span class='ocrx_word' id='word_1_248' title='bbox 920 3364 945 3417; x_wconf 92' lang='lat' dir='ltr'>X</span> <span class='ocrx_word' id='word_1_249' title='bbox 967 3371 1011 3432; x_wconf 89' lang='lat'><strong><em>44,</em></strong></span> <span class='ocrx_word' id='word_1_250' title='bbox 1031 3370 1056 3433; x_wconf 83' lang='lat'><strong><em>9,</em></strong></span> <span class='ocrx_word' id='word_1_251' title='bbox 1084 3367 1139 3424; x_wconf 89' lang='lat' dir='ltr'><strong><em>ubi</em></strong></span> 
     </span>
    </p>
   </div>
   <div class='ocr_carea' id='block_1_4' title="bbox 103 3429 1138 3509">
    <p class='ocr_par' dir='ltr' id='par_1_20' title="bbox 103 3429 1138 3509">
     <span class='ocr_line' id='line_1_37' title="bbox 103 3429 1138 3509; baseline 0.01 -26"><span class='ocrx_word' id='word_1_252' title='bbox 103 3429 238 3499; x_wconf 81' lang='grc' dir='ltr'><strong><em>Καίριον</em></strong></span> <span class='ocrx_word' id='word_1_253' title='bbox 246 3433 391 3502; x_wconf 70' lang='grc' dir='ltr'><strong><em>φεεθλιειιδ</em></strong></span> <span class='ocrx_word' id='word_1_254' title='bbox 406 3433 465 3489; x_wconf 87' lang='lat' dir='ltr'>RX.</span> <span class='ocrx_word' id='word_1_255' title='bbox 529 3434 565 3488; x_wconf 80' lang='lat'><strong><em>13</em></strong></span> <span class='ocrx_word' id='word_1_256' title='bbox 583 3433 720 3504; x_wconf 88' lang='grc' dir='ltr'><strong><em>Πειραιέα</em></strong></span> <span class='ocrx_word' id='word_1_257' title='bbox 738 3436 768 3490; x_wconf 77' lang='lat' dir='ltr'><strong><em>F.</em></strong></span> <span class='ocrx_word' id='word_1_258' title='bbox 832 3436 868 3491; x_wconf 88' lang='lat'><strong><em>18</em></strong></span> <span class='ocrx_word' id='word_1_259' title='bbox 886 3437 935 3490; x_wconf 89' lang='grc' dir='ltr'><strong><em>καί</em></strong></span> <span class='ocrx_word' id='word_1_260' title='bbox 953 3433 1018 3506; x_wconf 92' lang='grc' dir='ltr'><strong><em>νίκη</em></strong></span> <span class='ocrx_word' id='word_1_261' title='bbox 1037 3443 1138 3509; x_wconf 89' lang='grc' dir='ltr'><strong><em>Δημη-</em></strong></span> 
     </span>
    </p>
   </div>
   <div class='ocr_carea' id='block_1_5' title="bbox 74 3499 1137 3656">
    <p class='ocr_par' dir='ltr' id='par_1_21' title="bbox 74 3499 1137 3656">
     <span class='ocr_line' id='line_1_38' title="bbox 91 3499 1137 3580; baseline 0.015 -28"><span class='ocrx_word' id='word_1_262' title='bbox 91 3499 192 3573; x_wconf 84' lang='grc' dir='ltr'><strong><em>τρίου]</em></strong></span> <span class='ocrx_word' id='word_1_263' title='bbox 224 3505 274 3559; x_wconf 84' lang='grc' dir='ltr'><strong><em>καί</em></strong></span> <span class='ocrx_word' id='word_1_264' title='bbox 309 3501 382 3575; x_wconf 88' lang='grc' dir='ltr'><strong><em>ήττα</em></strong></span> <span class='ocrx_word' id='word_1_265' title='bbox 413 3504 595 3580; x_wconf 87' lang='grc' dir='ltr'><strong><em>Πτολεμαίου</em></strong></span> <span class='ocrx_word' id='word_1_266' title='bbox 621 3507 656 3564; x_wconf 74' lang='lat' dir='ltr'>X.</span> <span class='ocrx_word' id='word_1_267' title='bbox 745 3507 784 3561; x_wconf 66' lang='lat'><strong><em>‘2⁴2</em></strong></span> <span class='ocrx_word' id='word_1_268' title='bbox 813 3505 1076 3577; x_wconf 76' lang='grc' dir='ltr'><strong><em>προεαυηηίρευσαν</em></strong></span> <span class='ocrx_word' id='word_1_269' title='bbox 1104 3511 1137 3569; x_wconf 77' lang='lat' dir='ltr'><strong><em>F.</em></strong></span> 
     </span>
     <span class='ocr_line' id='line_1_39' title="bbox 74 3567 639 3656; baseline 0.016 -30"><span class='ocrx_word' id='word_1_270' title='bbox 74 3567 122 3645; x_wconf 69' lang='lat'><strong><em>27</em></strong></span> <span class='ocrx_word' id='word_1_271' title='bbox 135 3575 327 3643; x_wconf 82' lang='grc' dir='ltr'><strong><em>Κεφαλείδιν</em></strong></span> <span class='ocrx_word' id='word_1_272' title='bbox 344 3582 371 3637; x_wconf 82' lang='lat' dir='ltr'>F</span> <span class='ocrx_word' id='word_1_273' title='bbox 393 3582 441 3656; x_wconf 86' lang='lat' dir='ltr'><strong>(cf.</strong></span> <span class='ocrx_word' id='word_1_274' title='bbox 463 3581 517 3637; x_wconf 88' lang='lat' dir='ltr'><strong><em>XX</em></strong></span> <span class='ocrx_word' id='word_1_275' title='bbox 539 3588 584 3652; x_wconf 74' lang='lat'><strong><em>56,</em></strong></span> <span class='ocrx_word' id='word_1_276' title='bbox 599 3582 639 3653; x_wconf 65' lang='grc' dir='ltr'><strong><em>Β).</em></strong></span> 
     </span>
    </p>
   </div>
   <div class='ocr_carea' id='block_1_6' title="bbox 0 0 1234 3848">
    <p class='ocr_par' dir='ltr' id='par_1_22' title="bbox 0 0 1234 3848">
     <span class='ocr_line' id='line_1_40' title="bbox 0 0 1234 3848; baseline 0 1"><span class='ocrx_word' id='word_1_277' title='bbox 0 0 1234 3848; x_wconf 95' lang='lat' dir='ltr'><strong><em> </em></strong></span> 
     </span>
    </p>
   </div>
  </div>
 </body>
</html>
