2460 3848
99 180 139 243 16
473 175 588 230 Diodor.
597 173 661 228 XIX
676 181 700 229 ⁷.
710 181 734 230 8.

57 323 74 386 7
95 321 347 407 παρεχομένους.
394 320 652 406 διαληφθέντων
679 321 718 386 δέ
739 331 807 386 τῶν
831 333 1009 388 στενωπῶν
1032 324 1115 388 κατὰ

94 428 193 516 μέρος
221 429 288 494 ὑπὸ
317 439 385 493 τῶν
415 438 624 512 στρατιωτῶν
654 428 688 493 ολ
716 429 777 509 μέν
806 429 889 495 κατὰ
917 429 976 505 τδις
1002 428 1114 512 ὁδούς,

94 537 128 602 ολ
155 533 186 601 δ’
208 535 246 602 έν
269 546 341 612 ταῖς
368 536 487 611 οἰκίαις
509 533 721 618 ἐφονεύοντο.
766 535 885 601 πολλοί
908 534 946 600 δέ
968 535 1024 600 καί
1046 547 1115 601 τῶν

94 640 170 728 μηδ’
186 643 301 709 ὁτιοῦν
317 640 587 726 διαβεβλημένων
603 641 806 731 ἀνῃροῦντο,
822 643 974 725 δεόμενοι
990 649 1115 723 μαθεῖν

93 751 155 834 τήν
178 750 288 815 αἰτίαν
306 758 364 832 της
387 748 558 825 ἀπωλείας.
594 747 873 830 καθωπλισμένον
895 750 959 833 γδρ
983 754 1115 834 πλῆθος
1143 768 1152 809 ι

94 854 249 934 ἐξουσίαν
280 856 472 940 προσλαβὸν
505 854 544 919 οὐ
578 853 723 941 διέκρινε
755 858 857 941 φίλον
887 855 908 940 ή
943 854 1113 940 πολέμιον,

94 963 178 1029 ἀλλά
200 961 277 1049 παρ’
295 957 335 1027 οὗ
358 961 461 1026 πλέον
484 962 767 1046 ὠφεληθήσεσθαι
789 963 968 1046 διειλήφει,
991 971 1114 1029 τοῦτον

58 1085 74 1132 2
93 1067 219 1155 ἐχθρὸν
240 1071 361 1153 ήγεῑτο.
402 1069 455 1133 διὸ
478 1069 534 1133 καί
556 1079 668 1155 παρήν
690 1068 774 1149 ὁρᾶν
796 1076 907 1134 πᾶσαν
929 1071 991 1154 τήν
1013 1071 1114 1136 πόλιν

92 1175 353 1263 πεπληρωμένην
370 1174 499 1260 ὕβρεως
517 1175 573 1240 καὶ
592 1176 708 1260 φόνων
726 1175 782 1240 καί
804 1178 973 1241 παντοίων
991 1175 1114 1262 ἀνομη·

92 1283 212 1366 μᾶτων.
262 1284 296 1348 ολ
324 1281 386 1364 μέν
415 1282 479 1365 γὰρ
509 1281 566 1346 διᾶ
594 1282 652 1359 τὰς
680 1282 960 1368 προϋπαρχούσας
989 1280 1113 1370 ἔχθρας
1131 1302 1152 1343 ιι

93 1390 249 1471 οὐδεμιᾶς
278 1388 431 1473 ἐπηρείας
465 1387 640 1473 ἀπείχοντο
674 1390 756 1454 κατα
790 1400 858 1454 τῶν
891 1389 1113 1474 μισουμένων,

93 1493 223 1582 ἔχοντες
250 1494 405 1574 ἐξουσίαν
432 1494 620 1561 διατιθέναι
647 1504 714 1561 πᾶν
740 1497 778 1560 τὸ
807 1496 1044 1582 κεχαρισμένον
1066 1509 1112 1583 τῶ

92 1610 205 1690 θυμῷ·
233 1603 266 1668 οἱ
293 1603 330 1668 δέ
353 1612 424 1678 ταῖς
446 1611 514 1666 τῶν
537 1601 691 1684 εὐπόρων
713 1613 858 1688 σφαγαῖς
885 1603 1033 1684 οἰόμενοι
1055 1605 1113 1679 τᾶς

94 1711 180 1787 ἰδίας
207 1709 347 1795 ἀπορίας
373 1707 679 1794 ἐπανορθώσασθαι
705 1718 772 1775 πᾶν
795 1708 1005 1794 ἐμηχανῶντο
1029 1710 1112 1795 πρὸς

57 1818 152 1882 ετὸν
185 1815 255 1881 κατ’
284 1816 395 1881 αὐτῶν
429 1816 583 1901 ὄλεθρον.
635 1818 669 1883 ολ
702 1817 763 1899 μέν
792 1818 856 1899 γὰρ
886 1817 944 1892 τὰς
974 1809 1152 1919 αὐλίουςχξΞ

91 1923 201 2010 θύρας
228 1921 414 2007 ἐξέκοπτον,
442 1924 476 1989 ολ
498 1924 536 1989 δὲ
558 1924 614 1988 διὰ
636 1923 805 2005 κλιμάκων
828 1921 882 1988 ἐπὶ
904 1924 963 2000 τὰς
985 1923 1112 2009 ὀροφδις

91 2030 368 2117 προσανέβαινον,
396 2031 490 2096 ἄλλοι
518 2031 556 2096 δὲ
581 2031 815 2115 διηγωνίζοντο
839 2031 922 2116 πρὸς
944 2032 1023 2107 τοὺς
1046 2029 1111 2094 ἀπὸ

91 2149 159 2203 τῶν
186 2148 312 2221 στεγῶν
340 2136 577 2220 ἀμυνομένους.
628 2137 668 2202 οὐ
695 2138 762 2222 μήν
790 2137 869 2203 οὐδὲ
896 2147 966 2213 τοῖς
995 2138 1043 2214 είς
1071 2138 1111 2202 τὰ

90 2244 207 2330 τεμένη
237 2254 490 2330 καταφυγοῦσιν
518 2246 539 2328 ἡ
569 2255 637 2309 τῶν
665 2250 758 2310 θεῶν
790 2246 909 2310 ἱκετεία
937 2246 1110 2329 παρείχετο

90 2351 152 2434 τήν
181 2351 376 2436 ἀσφάλειαν,
406 2347 478 2416 ἀλλ’
502 2352 523 2434 ή
554 2352 636 2437 πρὸς
665 2354 770 2428 θεοὺς
800 2350 951 2433 εὐσέβεια
979 2348 1110 2416 ἐνικᾶτο
1129 2371 1152 2411 εο

55 2455 198 2541 4*πρὸς
225 2457 425 2542 ἀνθρώπων.
475 2458 531 2522 καί
558 2457 649 2522 ταῦτ’
671 2456 818 2539 ἐτόλμων
845 2455 883 2523 έν
910 2459 1026 2547 εἰρήνη
1055 2457 1110 2523 καί

90 2564 225 2651 πατρίδι
256 2573 462 2649 παρανομεῖν
486 2560 645 2648 Ἕλληνες
677 2561 755 2629 καθ’
778 2563 958 2649 Ἑλλήνων,
993 2565 1111 2630 οἰκεῖοι

90 2671 172 2735 κατὰ
209 2682 393 2755 συγγενῶν,
430 2671 470 2737 οὐ
508 2672 624 2756 φύσιν,
660 2671 701 2736 οὐ
735 2672 897 2755 σπονδᾶς,
934 2671 974 2736 οὐ
1006 2674 1111 2748 θεοὺς

90 2776 338 2865 ἐντρεπόμενοι,
362 2774 415 2863 ἐφ’
434 2770 484 2855 οἷς
507 2779 568 2863 οὐχ
592 2777 643 2842 ὅτι
666 2780 779 2863 φίλος,
808 2779 891 2844 ἀλλά
913 2778 969 2843 καλ
991 2798 1111 2843 παντε-

91 2891 154 2962 λῶς
182 2883 318 2971 ἐχθρός,
348 2884 479 2970 μέτριός
506 2908 544 2969 γε
570 2886 632 2969 τήν
658 2889 780 2971 ψυχήν,
811 2886 872 2951 οῦκ
901 2881 992 2950 ἐστιν
1020 2886 1111 2962 ὅστις
1129 2905 1152 2947 ιε

161 3113 177 3167 1
198 3112 296 3187 <τῶν>
315 3113 388 3167 κατὰ
406 3110 488 3182 μέρος
501 3114 734 3182 Hert1.111p.32.
800 3114 819 3168 3
832 3115 928 3169 πολλοὶ
943 3111 970 3169 δ’
984 3110 1035 3168 oin·
1049 3114 1108 3169 ΒΧ.

92 3185 106 3239 7
122 3185 359 3254 ὠφεληθήσεσθαι
366 3184 445 3252 libri;
461 3184 656 3254 ὠφελήσεσθαι
664 3185 749 3240 Dind.
786 3184 821 3239 12
834 3182 1040 3256 κεχωρισμένον
1049 3185 1108 3240 RX.

90 3256 125 3311 14
143 3253 275 3328 ἀπορίας]
295 3253 430 3324 εάπορίας
448 3257 528 3312 οοδδ.
547 3257 603 3311 nisi
621 3257 697 3326 quod
715 3258 746 3312 in
764 3257 869 3311 codicis
885 3257 911 3310 R
928 3274 1017 3326 marg.
1038 3273 1108 3312 corr.

91 3333 114 3381 2.
134 3345 170 3383 m.
208 3326 464 3396 ἐπανορθώσεσθαι
481 3328 565 3384 Dind.
638 3328 674 3382 15
692 3325 820 3391 αὐλείους
837 3328 878 3385 Ἐν
940 3328 977 3383 20
995 3327 1109 3384 ἐνικᾶτο

89 3395 178 3466 *πρὸς
196 3398 370 3470 ἀνθρώπων]
389 3398 432 3452 ita
449 3398 516 3453 libri
534 3416 630 3455 omnes
648 3400 794 3466 mondoum
814 3400 832 3469 ή
850 3397 921 3469 πρὸς
938 3401 1026 3462 θεοὺς
1044 3397 1109 3455 ἀσέ-

234 3471 255 3540 .)
276 3467 363 3525 ἐνίκα
384 3469 437 3542 τήν
459 3468 531 3542 πρὸς
554 3471 726 3541 ἀνθρώπους
742 3471 840 3538 mad„
859 3488 918 3526 mm
934 3471 1004 3525 satis
1022 3474 1107 3527 recte.

115 3535 153 3588 τίν
169 3554 225 3594 om.
241 3540 273 3608 F,
294 3559 441 3612 suprascr.
461 3551 486 3602 2.
501 3564 540 3603 m.
