2460 3848
445 153 598 221 01.116,2:
618 158 670 208 εει
685 169 710 208 ι.
721 152 783 208 chr.
1059 157 1122 224 103

105 308 177 376 ταῖς
203 298 326 366 ναυσίν
354 298 553 376 ἐπιπλεύσας
580 299 636 365 καί
662 301 727 384 πρὸ
756 298 860 364 αὑτοῦ
883 301 995 382 λαβὼν
1019 299 1123 386 ἆκρωὲ

105 409 221 490 τῆριον
244 404 394 490 ἐπετῆρει
416 401 477 489 τῆν
499 417 567 472 τῶν
592 408 759 489 πολεμίων
786 409 982 492 παρουσίαν.
1028 405 1124 491 ἐμπε-

106 514 235 578 σόντων
253 513 291 578 δέ
314 523 448 598 πρῶτον
466 525 533 579 τῶν
552 516 658 592 πεζῶν
681 515 729 591 είς
750 514 812 597 τῆν
824 512 975 599 ἐνέδραν
999 513 1123 598 συνέβη

105 621 166 684 τόν
196 643 231 685 τε
263 622 434 705 Περίλαον
467 619 592 686 ἁλῶναι
623 621 679 686 καλ
710 630 778 686 τῶν
809 620 919 687 ἄλλων
951 623 1030 698 τοῦς
1063 621 1124 704 μέν

75 745 87 786 ι
105 736 219 791 πεσεῖν
237 726 458 811 μαχομένους,
478 727 537 804 οὓς
555 727 593 792 δέ
611 731 830 812 ζωγρηθῆναι.
867 726 1124 813 ἐπιχειρούντων
1143 747 1158 796 7

106 832 144 898 δέ
166 831 257 901 *τῶν
281 833 344 899 ἀπὸ
360 831 474 900 Ῥόδου
497 845 584 899 νεῶν
602 837 833 919 παραβοηθεῖν
850 845 921 912 τολς
940 836 1038 912 ἰδίοις
1055 834 1124 901 ἐπι-

105 942 249 1018 πλεύσας
272 940 290 1006 ὁ
309 941 534 1018 Πολύκλειτος
555 942 651 1026 ἄφνω
675 941 925 1029 συντεταγμένῳ
948 952 993 1030 τῷ
1018 945 1123 1030 στόλῳ

106 1047 229 1134 ῥαδίως
244 1046 402 1133 ἐτρέψατο
419 1048 681 1134 τεταραγμένους
696 1051 776 1125 τοὺς
788 1051 974 1131 πολεμίους.
1007 1050 1123 1136 διόπερ

106 1153 230 1238 συνέβη
259 1155 318 1231 τός
346 1178 381 1220 τε
410 1165 493 1232 ναῦς
523 1155 648 1222 ἁλῶναι
677 1156 784 1232 πόσας
812 1156 868 1220 καλ
894 1166 966 1222 τῶν
990 1155 1124 1242 ἀνδρῶν

61 1281 87 1320 ιο
105 1261 168 1326 οὐκ
197 1261 346 1345 ὀλίγους,
376 1260 414 1327 ἐν
443 1254 494 1339 οἷς
522 1262 578 1327 καί
607 1263 711 1328 αὐτὸν
740 1264 800 1328 τὸν
829 1263 996 1330 Θεόδοτον
1024 1288 1124 1348 τραυ-

105 1369 225 1450 ματίαν
248 1371 429 1452 γενόμενον
452 1366 521 1452 μετ’
537 1369 651 1453 ὀλίγας
672 1368 795 1454 ῆμέρας
813 1374 1012 1453 τελευτῆσαι.
1054 1376 1158 1437 Ilo-8

105 1474 274 1552 λύκλειτος
296 1474 358 1558 μὲν
377 1469 439 1539 οὖν
458 1475 558 1561 χωρίς
580 1475 755 1542 κινδύνων·
767 1482 946 1561 τηλικαῦτα
968 1483 1123 1545 πλεονεκ-

105 1584 205 1665 τῆσας
224 1581 431 1647 ἀπέπλευσεν
454 1583 501 1659 είς
519 1583 673 1668 Κύπρον,
696 1582 857 1648 ἐντεῦθεν
880 1585 911 1648 δ’
925 1585 972 1662 είς
989 1585 1123 1669 Πηλού-

105 1704 193 1754 σιον·
222 1688 239 1754 ὁ
268 1689 306 1754 δὲ
329 1693 538 1770 Πτολεμαῖος
560 1698 681 1754 τοῦτον
703 1690 765 1773 μὲν
787 1689 962 1768 ἐπαινέσας
985 1692 1123 1777 δωρεαλς

60 1815 86 1856 ιε
104 1796 260 1879 μεγιίλαις
278 1794 409 1880 ἐτίμησε
427 1795 482 1861 καί
500 1797 586 1861 πολὺ
605 1801 732 1878 μᾶλλον
749 1808 895 1882 προῆγεν
914 1799 958 1876 ὡς
977 1798 1123 1885 ἀρχηγὸν

104 1905 265 1986 γεγονότα
288 1903 432 1987 μεγάλου
456 1905 716 1987 προτερήματος,
739 1905 799 1969 τὸν
822 1904 859 1970 δέ
878 1907 1048 1990 Περίλαον
1067 1906 1123 1971 καί

104 2020 172 2075 τῶν
191 2010 301 2076 ἄλλων
319 2011 534 2094 αἰχμαλώτων
552 2011 644 2087 τινὰς
663 2007 838 2094 ἀπέλυσεν,
862 2009 1028 2096 ἐλθούσης
1047 2013 1123 2097 περὶ

104 2116 234 2182 τούτων
251 2119 428 2202 πρεσβείας
447 2118 525 2202 παρ’
540 2118 741 2201 Ἀντιγόνου.
776 2119 876 2195 αὐτὸς
894 2118 932 2183 δὲ
949 2124 1123 2202 παρῆλθεν

96 2221 160 2289 ἐπλ
186 2225 224 2289 τὸ
252 2225 460 2307 καλούμενον
474 2221 646 2309 ’Ίῦιρηγμα
672 2224 766 2290 κάπεί
793 2225 970 2290 συνελθὼν
995 2227 1043 2302 είς
1069 2227 1124 2290 λό-

60 2351 87 2391 ιο
104 2353 186 2413 γους
207 2331 383 2420 Ἀντιγόνῳ
407 2331 508 2397 πάλιν
532 2331 694 2416 ἀπῆλθεν,
718 2331 759 2397 ού
783 2340 1037 2417 συγχωροῦντος
1053 2334 1123 2397 Ἀν-

104 2439 241 2520 τιγόνου
264 2439 304 2503 τὰ
329 2436 514 2520 ἀξιούμενα.

172 2542 286 2627 Ἡμεῖς
311 2544 349 2610 δὲ
374 2546 610 2629 διεληλυθότες
636 2547 676 2610 τὰ
703 2545 896 2631 πραχθέντα
923 2557 991 2613 νῦν
1009 2543 1123 2631 Ἑλλῆ-
1132 2543 1175 2610 65

104 2675 175 2716 νων
202 2662 259 2737 τῆς
281 2652 448 2737 Εὐρώπης
474 2653 551 2737 περλ
577 2652 639 2735 τῆν
657 2649 800 2717 Ἑλλάδα
826 2653 882 2717 καλ
906 2653 1124 2718 Μακεδονίαν

105 2755 142 2822 ἐν
172 2757 263 2843 μέρει
293 2756 437 2840 διέξιμεν
466 2759 543 2843 περλ
572 2769 639 2824 τῶν
668 2760 752 2844 πρὸς
782 2757 926 2845 ἐσπέραν
954 2762 1124 2825 νευόντων

60 2884 86 2925 ιι
104 2875 222 2950 μερῶν.
267 2866 472 2949 Ἀγαθοκλῆς
494 2867 557 2949 γὰρ
581 2864 599 2930 ὁ
622 2875 690 2930 τῶν
712 2868 934 2950 Συρακοσίων
959 2866 1123 2950 δυνάστης

177 3022 381 3085 Ιάναπλεύσας
389 3022 419 3076 F.
458 3023 544 3078 αὐτοῦ
559 3022 638 3076 codd.
694 3022 712 3075 6
725 3030 780 3077 τῶν
795 3019 851 3078 ἀπὸ
862 3021 961 3078 Ῥόδου
975 3032 1046 3079 νεῶν
1060 3022 1123 3090 RX3

104 3109 162 3148 exc.
181 3093 294 3148 videtur
312 3094 389 3166 <τῶν
408 3093 438 3148 ἐν
457 3102 516 3156 τοῖς
533 3092 717 3166 πληρώμασι>
742 3094 787 3160 (cf.
806 3093 871 3148 XIII
889 3100 914 3162 2,
925 3097 965 3164 5);
988 3103 1043 3149 τῶν
1067 3092 1123 3150 ἀπὸ

103 3173 153 3220 τοῦ
169 3161 266 3219 στόλου
280 3165 309 3219 F.
365 3165 401 3220 10
418 3161 468 3220 τὸν
487 3182 538 3220 om
554 3165 587 3218 R.
638 3165 673 3219 12
691 3166 827 3220 κινδύνου
840 3166 870 3220 F.
921 3165 957 3220 18
973 3163 1056 3228 αὐτὸς
1070 3165 1123 3235 γὰρ

103 3239 251 3306 παρῆλθεν
269 3234 299 3290 F.
363 3236 399 3291 20
418 3237 528 3306 ἀπῆλθε
547 3245 755 3305 συγχωροῦντος
772 3237 803 3303 F,
823 3253 891 3290 corr.
912 3243 936 3291 2.
951 3255 987 3291 m.
1040 3238 1124 3292 Ἀντι-

104 3305 178 3380 γόνῳ
205 3307 236 3362 F.
313 3307 349 3362 22
377 3304 475 3380 <όπδ>
503 3316 559 3362 τῶν
587 3306 726 3377 Ἑλλήνων
763 3308 858 3376 Steph.
892 3308 938 3378 (cf.
966 3307 1005 3361 IV
1026 3313 1068 3375 57,
1089 3312 1124 3377 1).

104 3378 148 3434 22.
162 3378 198 3433 23
216 3377 251 3433 τὰ
268 3375 435 3448 πραχθέντα
457 3387 506 3449 τῆς
524 3380 663 3447 Είιρώπης
684 3380 748 3447 περὶ
770 3379 821 3449 τῆν
839 3377 920 3433 Ἑν.
931 3384 974 3432 Μ,
989 3381 1064 3444 gam.
1078 3387 1138 3426 τωο

101 3447 252 3519 Ἑλλήνων)
279 3449 372 3504 Madv.
395 3450 409 3503 I
430 3469 458 3520 p.
476 3456 537 3507 511.
610 3449 649 3506 24
672 3451 741 3521 περὶ
765 3451 844 3523 τῦνῆ
864 3458 924 3503 τῖον
952 3446 1025 3509 περὶ»
1048 3439 1168 3493 messs-

105 3520 141 3575 25
158 3520 292 3576 Σικελικόν
308 3521 338 3576 in
357 3538 448 3596 marg.
469 3524 533 3582 cod.
551 3525 581 3581 R
600 3524 672 3582 εδδ.
690 3531 721 3581 3.
734 3543 776 3581 m.
