2460 3848
423 182 576 249 01.118,3=
596 187 648 236 εοο
663 198 688 236 a.
700 181 762 237 chr.
794 192 796 198 ·
1035 186 1099 250 281

85 328 168 393 ὥστε
195 329 225 393 εί
251 328 332 410 μίαν
357 326 484 413 ἡμέραν
511 326 529 392 ὁ
556 327 679 412 χειμὼν
705 324 887 411 ἐπέμεινεν,
914 327 1035 406 πάντες
1060 327 1137 394 ἀνι

83 444 129 521 τῷ
152 435 243 514 δίψει
266 433 507 520 διεφθάρησαν.
553 432 591 499 ἐν
613 433 743 520 ἀθυμίᾳ
766 431 796 498 δ’
815 434 923 500 ὄντων
946 433 1102 500 ἁπάντων

83 541 139 606 καὶ
166 540 442 625 προσδοκωμένης
467 542 531 624 ἤδη
557 551 617 625 τῆς
643 539 806 617 ἀπωλείας
827 542 865 606 τὸ
888 540 950 624 μέν
972 551 1103 624 πνεῦμα

83 646 300 731 κατέπαυσεν,
322 648 342 731 ἡ
363 647 400 713 δέ
417 648 488 730 μετ’
500 647 693 732 Ἀντιγόνου
712 648 853 730 δύναμις
872 653 1102 733 καταντήσασα

53 756 226 838 επλησίον
241 763 301 820 τοῦ
321 757 442 820 στόλου
461 754 830 840 κατεστρατοπέδευσεν.
867 753 1022 838 ἐκβάντες
1040 750 1102 821 οὖν
1121 772 1137 821 ο

84 859 120 926 ἐκ
147 872 215 926 τῶν
242 871 381 945 σκαφῶν
407 861 463 926 καί
489 864 800 946 προσαναλαβόντες
828 858 967 940 ἑαυτοὺς
995 861 1033 927 ἐν
1061 872 1101 948 τη

84 968 321 1056 στρατοπεδείᾳ
339 966 545 1054 προσέμενον
560 980 628 1034 τῶν
644 980 732 1034 νεῶν
747 971 806 1046 τὰς
821 969 1102 1046 ἀποσπασθείσας.

84 1074 252 1160 διεφθάρη
276 1071 307 1138 δ’
325 1073 363 1140 έν
384 1075 491 1163 τούτῳ
514 1086 559 1165 τῷ
584 1076 671 1164 σάλφ
694 1078 771 1157 τρία
797 1075 906 1161 σκάφη
933 1085 1002 1141 τῶν
1024 1098 1102 1141 πεν-

82 1191 237 1267 τηρικῶν,
268 1179 302 1258 ἐξ
334 1174 383 1246 ὧν
412 1178 495 1247 ένιοι
526 1194 595 1247 τῶν
627 1182 761 1268 ἀνδρῶν
793 1165 986 1268 διενήξαντο
1019 1184 1102 1265 πρὸς

39 1308 65 1347 ιο
82 1289 144 1372 τὴν
170 1298 243 1372 γῆν.
289 1284 401 1353 ἔπειτα
423 1287 611 1372 Ἀντίγονος
638 1289 700 1371 μὲν
726 1290 928 1373 προαγαγὼν
955 1290 1016 1373 τὴν
1043 1289 1102 1354 δύ-

83 1419 183 1478 ναμιν
212 1397 355 1479 πλησίον
386 1402 446 1460 τού
477 1399 605 1460 Νείλου
637 1394 1009 1480 κατεστρατοπέδευσεν,
1041 1395 1101 1459 ἀπ-

83 1501 168 1586 έχων
191 1502 253 1567 δύο
277 1503 433 1578 σταδίους
455 1510 515 1566 τοῦ
538 1511 696 1584 ποταμοῦ.

154 1613 360 1691 Πτολεμαῖος
383 1609 421 1674 δὲ
445 1610 716 1693 προκατειληφὼς
742 1611 820 1686 τοὺς
848 1608 1101 1694 εὐκαιροτάτους
1112 1606 1153 1673 75

81 1717 204 1793 τόπους
234 1713 398 1800 ἀσφαλέσι
428 1720 591 1798 φυλακαῖς
621 1713 812 1782 ἀπέστειλέν
841 1739 934 1794 τινας
965 1715 1003 1782 ἐν
1032 1726 1102 1793 τοίς

38 1841 63 1881 1⁵
81 1832 273 1906 κοντωτοῖς,
302 1822 629 1908 παρακελευσάμενος
659 1828 844 1908 προσπλεῖν
872 1824 1016 1907 πλησίον
1044 1831 1102 1906 τῆς

82 1928 246 2012 ἐκβάσεως
267 1929 324 1994 καί
345 1930 520 2014 κηρύττειν
539 1929 591 1995 ὅτι
613 1930 712 1994 δώσει
735 1939 804 2006 τοῖς
825 1929 1101 2012 μεταβαλομένοις

82 2032 138 2100 ἀπ’
159 2032 353 2119 Ἀντιγόνου
383 2046 450 2101 τῶν
479 2036 541 2119 μέν
572 2036 713 2102 ἰδιωτῶν
741 2035 890 2113 ἑκάστοις
916 2035 979 2101 δύο
1006 2045 1100 2119 μνᾶς,

81 2151 151 2218 τοῖς
178 2138 209 2206 δ’
232 2138 285 2226 ἐφ’
307 2143 484 2226 ἡγεμονίας
513 2142 722 2227 τεταγμένοις
749 2143 921 2208 τάλαντον.
967 2142 1135 2225 γενομέκ

82 2272 152 2314 νων
175 2243 238 2314 οὖν
260 2259 327 2314 τῶν
349 2250 570 2335 κηρυγμάτων
593 2250 755 2315 τοιούτων
778 2248 915 2316 ἐνέπεσέ
938 2273 989 2327 τις
1016 2249 1099 2335 ὁρμὴ

37 2377 63 2416 ιο
82 2357 165 2438 πρὸς
191 2356 372 2438 μετάθεσιν
398 2365 468 2432 τοῖς
494 2357 564 2438 μετ’
581 2355 774 2440 Ἀνειγόνου
796 2357 1035 2442 μισθοφόροις,
1063 2354 1101 2422 έν

82 2454 132 2539 οἷς
168 2462 223 2528 καί
259 2474 327 2528 τῶν
362 2447 536 2547 ἡγεμόνων
571 2465 706 2541 πλείους
738 2464 979 2548 <προθύμους>
1015 2457 1101 2530 είναι
1187 2448 1189 2452 ,

83 2568 259 2651 συνέβαινε
296 2569 340 2634 δι’
371 2571 477 2648 αίτίας
517 2572 609 2647 τινάς
650 2572 698 2648 είς
734 2571 771 2636 τὸ
812 2573 995 2654 μεταβολῆς
1031 2568 1100 2635 ἑπι-

24 2717 25 2720 =
81 2682 214 2758 θυμείν.
269 2681 403 2742 πολλῶν
437 2676 476 2742 δέ
509 2679 592 2762 πρὸς
627 2677 731 2743 αὐτὸν
768 2677 1045 2759 αὐτομολούντων
1081 2677 1134 2743 δε

81 2783 143 2864 μὲν
162 2779 352 2866 Ἀντίγονος
379 2781 556 2868 ἐπιστήσας
581 2794 627 2871 τῷ
654 2786 755 2868 χείλει
782 2793 842 2848 τοῦ
870 2793 1019 2866 ποταμοῦ
1046 2807 1100 2848 το-

152 2976 170 3030 3
194 2975 255 3100 ’διρφ
274 2976 308 3045 δὴ
327 2977 358 3030 F.
428 2976 446 3030 4
464 2973 649 3048 κατέπαυσεν]
669 2974 818 3031 κατέπεσεν
837 2977 958 3030 Amoldt
975 2976 999 3029 J.
1015 2976 1034 3029 f.
1049 2976 1098 3029 Ph.

81 3066 107 3100 n.
130 3065 151 3101 s.
255 3048 268 3100 I
294 3066 322 3115 p.
346 3053 411 3113 6383
440 3051 471 3102 εί
498 3047 532 3101 ef.
557 3064 579 3102 e.
601 3067 627 3119 g.
653 3047 705 3101 XII
730 3054 771 3112 12,
789 3054 813 3101 1.
899 3048 917 3102 6
942 3048 1044 3109 αύτούς
1068 3046 1098 3101 δ’.

81 3119 273 3188 8πεντηρεων
292 3118 321 3174 F.
395 3119 430 3173 12
449 3118 549 3174 στάδια
567 3120 597 3173 F.
670 3119 705 3173 13
723 3120 772 3173 καί
790 3122 842 3173 Πτ.
862 3119 893 3172 δὲ
912 3119 941 3172 F.
1015 3118 1051 3173 14
1069 3117 1099 3173 έν

80 3198 139 3252 τοῖς
156 3198 318 3258 κοντωτοῖς,
336 3189 623 3262 παρακελευσάμενος]
643 3190 673 3245 ἐν
690 3198 749 3252 τοῖς
764 3189 839 3244 κάτω
855 3197 914 3252 τοῖς
932 3192 1011 3258 (corr.
1028 3195 1052 3243 2.
1062 3207 1099 3243 m.

81 3262 111 3314 in
147 3267 246 3331 marg.)
285 3259 570 3330 παρακελευσομένοις
601 3263 631 3315 F.
722 3261 758 3316 16
790 3258 1038 3332 μεταβαλλομένοις
1068 3260 1098 3315 1⁴¹.

81 3332 115 3386 17
130 3333 279 3388 ἰδιωτικῶν
292 3333 322 3387 F.
359 3331 464 3405 ἑκάστῳ
479 3334 508 3387 F.
564 3334 609 3387 21.
624 3333 659 3386 22
678 3330 789 3395 πλείους
803 3328 877 3386 είναι
890 3331 970 3397 libri;
988 3329 1100 3395 πλείους

81 3403 263 3459 ἐκκαλεῖσθαι
289 3404 377 3458 Hertl.
401 3404 440 3457 III
466 3422 493 3473 p.
519 3409 565 3471 383
594 3403 802 3477 (προθύμους)
832 3404 898 3457 add.
923 3403 1118 3458 δμώων,
1208 3466 1210 3468 ³

80 3474 169 3528 Wess.
194 3473 365 3545 φερομένους
388 3476 456 3529 addi
474 3476 559 3531 iussib
574 3478 644 3547 ροέι
662 3475 834 3545 ἐπιθυμεῖν,
847 3467 1065 3536 πσοαηθὶυωε
1078 3463 1139 3506 W

79 3543 259 3615 ύπαγθέντας
276 3549 328 3602 σοί
346 3545 531 3618 ἐπαρθέντας
547 3549 672 3606 Raiske.
