2460 3848
61 181 126 238 VIII
443 180 705 236 ARGUMENTUM

63 273 119 322 (lap.

63 347 105 398 65.
135 342 300 412 Agathoclis
322 341 353 396 in
377 341 474 397 Sicilia
493 341 615 396 insidiae
634 343 662 395 et
681 340 853 397 incursiones
871 341 902 394 in
920 341 1087 410 Messanam,

171 422 446 492 Carthaginiensium
465 421 570 477 auxilio
588 420 777 489 propulsatae.

205 502 396 557 Romanorum
421 520 485 557 cum
509 500 682 555 Samnitibus
705 499 818 556 bellum.
856 502 1016 558 Ferentium
1040 521 1086 558 ex-

169 583 322 653 pugnatur.
359 581 494 637 Nucerini
513 581 550 635 ad
569 580 708 636 Samnites
727 581 869 637 deficiunt.

404 741 446 797 01.
462 748 522 809 116,
533 747 549 796 3
560 764 566 797 :
577 747 630 796 314
645 760 669 798 a.
685 740 747 798 Chr.

63 839 105 887 66.
134 829 328 887 Aristodemus
343 832 480 901 Antigoni
494 831 551 885 dux
559 830 674 887 Aetolos
688 831 725 885 ad
739 831 932 887 auxiliandum
941 831 1084 904 Antigono

171 912 275 982 adigit;
294 914 355 965 turn
374 912 404 966 in
417 911 641 982 Peloponnesum
656 911 766 980 impetu
779 911 854 967 facto
869 911 944 967 redit
956 912 987 967 in
1001 914 1086 969 Aeto-

170 992 247 1047 liam.
281 991 401 1062 Dymaei
420 990 455 1046 ab
473 991 633 1046 Alexandro
651 991 882 1061 Polyperchontis
902 993 1003 1048 domiti
1020 1012 1085 1049 mox

171 1072 333 1128 libertatem
350 1072 504 1126 vindicant.

64 1159 107 1208 67.
135 1152 326 1209 Alexandrum
351 1153 471 1208 Alexion
497 1151 643 1222 Sicyonius
668 1169 719 1221 per
743 1152 861 1209 insidias
887 1152 1003 1222 occidit3
1029 1172 1085 1224 quo

170 1233 246 1288 facto
272 1231 452 1303 Cratesipolis
478 1233 538 1288 eius
562 1249 633 1287 uxor
655 1235 784 1302 suscepto
803 1233 921 1302 imperio
941 1233 1086 1303 Sicyonios

170 1312 278 1383 proelio
312 1313 428 1369 domuit.
476 1312 616 1368 Casander
645 1330 710 1368 vero
745 1313 843 1368 videns
875 1314 989 1369 Aetolos
1022 1331 1085 1368 cum

171 1394 314 1463 Antigono
339 1394 432 1449 facere
458 1411 536 1447 arma
560 1393 653 1447 iunxit
678 1410 741 1446 cum
768 1393 962 1448 Acarnanibus
990 1411 1086 1448 eorum

170 1473 313 1542 hostibus;
333 1474 435 1529 deinde
453 1490 512 1529 rem
531 1473 562 1526 in
579 1473 695 1542 Illyride
713 1490 845 1543 prospere
864 1475 959 1544 gessit.

64 1559 105 1610 68.
133 1553 167 1608 In
191 1553 303 1610 Aetolia
328 1552 474 1608 tumultus.
512 1553 647 1608 Casandri
669 1552 699 1607 in
720 1553 843 1622 Cariam,
861 1556 894 1608 ut
912 1554 1086 1625 Antigonum

171 1633 207 1688 ab
226 1634 339 1703 Europa
357 1635 477 1701 arceret,
497 1633 573 1688 etin
592 1634 727 1688 Lemnum
746 1633 897 1702 expeditio.

65 1720 107 1768 69.
136 1714 295 1785 Antigonus
314 1714 412 1768 relicto
431 1714 462 1767 in
480 1713 561 1783 Syria
579 1713 637 1768 filio
654 1713 796 1768 Demetrio
816 1713 968 1768 admodum
986 1716 1086 1771 iuvene

171 1811 235 1848 cum
258 1794 382 1849 exercitu
405 1796 586 1863 etquattuor
610 1793 720 1861 amicis,
744 1792 793 1862 qui
819 1793 935 1848 oonsilio
954 1811 1018 1850 eum
1037 1798 1089 1850 ad-

171 1874 312 1942 iuvarent,
325 1875 387 1944 ipse
402 1890 491 1942 usque
506 1875 543 1928 ad
557 1873 690 1928 Celaenas
704 1873 844 1942 Phrygiae
857 1891 1020 1944 progressus
1035 1879 1084 1931 est.

65 1959 106 2009 70.
134 1954 167 2008 In
193 1954 290 2009 Sicilia
315 1954 552 2024 Syracusanorum
578 1954 672 2009 exules
695 1953 896 2024 Agrigentinos
921 1956 958 2008 ad
980 1954 1086 2011 bellum

171 2035 201 2088 in
224 2034 410 2105 Agathoclem
435 2035 613 2104 impulerant.
651 2033 689 2087 Hi
708 2032 802 2088 Celois
826 2037 854 2089 et
876 2034 1023 2090 Messeniis
1042 2054 1086 2090 as-

172 2115 292 2185 sumptis
311 2114 393 2170 sociis
413 2133 430 2168 a
447 2114 677 2170 Lacedaemoniis
698 2114 799 2168 ducem
817 2117 953 2183 expetunt
970 2116 1086 2170 Acrota-

171 2198 302 2265 tumque,
322 2194 478 2252 Cleomenis
496 2195 571 2264 regis
590 2193 692 2260 filium,
712 2193 863 2262 accipiunt.

65 2282 107 2330 71.
134 2277 285 2330 Acrotatus
300 2275 336 2330 ob
351 2274 512 2344 superbiam
531 2273 638 2328 cunctis
656 2274 726 2328 adeo
740 2273 846 2327 invisus
861 2276 929 2341 erat,
943 2276 975 2328 ut
989 2274 1086 2346 fugam

172 2371 317 2426 capessere
336 2357 490 2425 cogeretur.
527 2354 605 2407 Tunc
623 2353 803 2424 Agrigentini
822 2352 927 2408 arbitro
945 2355 1087 2410 Amilcare

173 2454 237 2491 eum
255 2435 412 2506 Agathocle
430 2450 530 2504 pacem
548 2434 684 2488 fecerunt.

65 2522 107 2570 ⁷2.
136 2515 308 2586 Agathocles
334 2516 391 2570 otio
416 2532 483 2569 usus
509 2516 552 2568 est
577 2514 614 2567 ad
642 2513 786 2583 augendas
814 2530 893 2583 opes,
920 2517 1086 2585 praesertim

173 2594 451 2666 Carthaginiensibus
470 2595 562 2648 minus
581 2594 678 2648 fidens.

207 2675 240 2729 Iu
266 2675 349 2730 Italia
376 2675 483 2730 bellum
511 2692 574 2729 cum
603 2673 775 2728 Samnitibus
800 2676 876 2730 vario
904 2676 995 2731 Marte
1022 2692 1086 2730 con·

171 2755 327 2823 tinuatum3
345 2755 468 2810 Plestica
482 2756 659 2824 expugnatur
672 2772 689 2808 a
703 2755 888 2823 Samnitibus3
909 2756 977 2811 Sora
992 2755 1087 2811 deficit

173 2853 190 2888 a
212 2835 359 2902 Romanis3
385 2835 461 2904 apud
488 2834 639 2890 Saticolam
661 2836 812 2890 vincuntur
834 2835 986 2903 Samnites,
1010 2837 1087 2905 apud

145 2910 148 2914 ’
172 2914 319 2969 Laustolas
337 2913 464 2970 Romani.
502 2915 620 2970 Luceria
639 2915 748 2971 colonia
767 2916 897 2970 deducta.

407 3056 449 3112 01.
465 3064 526 3126 116,
536 3065 553 3112 4
564 3080 570 3113 r
582 3063 633 3112 313
648 3077 672 3112 a.
688 3058 749 3113 Chr.

66 3152 108 3200 73.
138 3145 320 3214 Callantiani,
351 3147 477 3214 Istriani,
507 3148 621 3201 finitimi
650 3147 749 3216 populi
779 3163 842 3200 cum
872 3165 889 3200 a
918 3146 1085 3216 Lysimacho

174 3227 354 3294 defecissent,
380 3227 405 3280 is
432 3244 495 3280 cum
520 3226 622 3282 infesto
651 3227 774 3282 exercitu
801 3227 943 3296 profectus
972 3229 1087 3282 cunctos

171 3306 334 3375 perdomuit
348 3311 377 3362 et
389 3308 526 3378 Antigoni
541 3309 648 3377 copias,
663 3306 846 3362 Callantianis
861 3307 965 3362 auxilio
979 3307 1087 3374 missas,

173 3387 280 3457 proelio
299 3388 375 3442 vicit.

56 3472 95 3516 71.
125 3468 293 3536 Antigonus
310 3468 522 3538 Telesphorum.
533 3485 597 3522 cum
615 3468 702 3523 classe
720 3468 751 3521 in
769 3469 992 3537 Peloponnesum
1010 3467 1088 3520 misit

147 3545 192 3596 ad
214 3547 352 3602 civitates
376 3549 407 3604 in
433 3549 602 3606 libertatem
622 3549 821 3605 vindicandas.
852 3547 1006 3613 Philippus
1020 3562 1100 3608 uero,
