2460 3848
452 195 605 263 01.118‚2:
626 200 676 249 εοι
693 211 718 249 a.
729 193 791 249 chr.
1066 199 1132 264 239

112 343 235 419 άλλους
253 343 447 427 Τυρρηνοὺς
465 340 613 417 ἅπαντας
636 341 684 416 είς
706 339 861 406 ἐνιαυτὸν
880 337 1003 425 άνοχάς
1023 339 1133 425 ἐποιη-

112 465 222 515 σαντο.

188 562 256 622 Τοῦ
289 555 320 619 δ’
347 553 519 620 ἐνιαυσίου
551 554 675 640 χρόνου
709 554 947 638 διεληλυθότος
972 550 1134 639 Ἀθήνησι
1143 553 1186 620 45

112 663 174 746 μὲν
195 659 297 748 ἦρχεν
318 659 563 747 Ἀναξικράτης,
590 659 628 726 έν
647 659 750 752 Ῥώμη
778 661 816 726 δὲ
836 661 958 726 ὕπατοι
980 660 1134 745 κατέστη-

83 785 177 835 ισαν
194 767 336 845 ’Ἁππιος
362 768 533 845 Κλαύδιος
561 768 617 833 καί
644 768 786 845 Λεύκιος
816 768 1030 851 Οὐολόμνιος.
1080 767 1135 834 ἐπὶ

114 877 152 942 δὲ
181 876 311 942 τούτων
339 878 531 958 Δημήτριος
561 875 623 958 μὲν
655 874 673 940 6
701 871 895 959 Ἀντιγόνου
932 877 1135 961 παραλαβὼν

112 984 202 1069 παρδι
224 991 285 1047 τοῦ
309 982 433 1067 πατρὸς
456 981 600 1064 δύναμιν
624 981 731 1068 ἁδράν
753 985 887 1068 πεζικήν
910 1005 945 1047 τε
972 983 1028 1048 καὶ
1054 1007 1135 1048 ναυ-

112 1093 219 1174 τικην,
242 1086 290 1154 ἔτι
309 1088 347 1153 δὲ
364 1091 473 1170 βελῶν
491 1089 546 1154 καί
569 1099 637 1155 τῶν
655 1090 766 1153 άλλων
783 1100 851 1154 τῶν
869 1091 917 1167 είς
939 1092 1136 1175 πολιορκίαν

112 1198 284 1282 χρησίμων
309 1197 370 1279 την
398 1195 608 1281 ἁρμόζουσαν
635 1196 849 1280 παρασκευὴν
876 1193 1072 1273 ἐξέπλευσεν
1099 1195 1136 1262 ἐκ

69 1325 96 1365 ιο
113 1312 172 1386 τῆς
195 1299 353 1387 Ἐφέσου·
383 1302 598 1388 παράγγελμα
627 1298 657 1366 δ’
681 1296 770 1387 είχεν
796 1300 1001 1387 ἐλευθεροῦν
1029 1303 1136 1380 πάσας

114 1410 176 1492 μὲν
206 1410 264 1487 τδις
295 1411 377 1475 κατδι
409 1410 470 1493 τὴν
498 1407 641 1474 Ἑλλάδα
672 1410 799 1493 πόλεις,
834 1410 970 1494 πρώτην
1003 1409 1041 1474 δὲ
1074 1410 1136 1493 τὴν

110 1515 309 1601 Ἀθηναίων,
333 1515 592 1602 φρουρουμένην
614 1515 680 1581 ὑπὸ
699 1515 912 1600 Κασάνδρου.
954 1516 1170 1582 καταπλεόκ

60 1638 238 1699 439σαντος
266 1622 299 1687 δ’
321 1623 425 1688 αὐτοῦ
452 1624 533 1705 μετδι
559 1631 617 1708 τῆς
646 1622 817 1705 δυνάμεως
840 1624 887 1700 είς
909 1624 969 1687 τὸν
992 1627 1136 1709 Πειραιᾶ

113 1729 169 1794 καί
191 1732 405 1815 πανταχόθεν
427 1732 677 1816 προσβαλόντος
699 1727 733 1807 ἐξ
756 1728 883 1814 ἐφόδου
905 1731 961 1795 καί
983 1734 1137 1817 κηρυγμα

70 1857 95 1898 1⁶
113 1836 365 1920 ποιησαμένου*
382 1838 565 1914 Διονύσιος
588 1836 606 1902 6
625 1836 872 1919 καθεσταμένος
890 1836 945 1903 ἐπὶ
962 1847 1021 1922 της
1039 1843 1136 1903 Μου-

113 1946 232 2028 νυχίας
250 1944 462 2030 φρούραρχος
479 1944 535 2010 καί
548 1947 739 2029 Δημήτριος
758 1943 775 2009 ὁ
795 1947 967 2028 Φαληρεὺς
985 1943 1136 2028 ἐπιμελη-

113 2051 172 2134 τὴς
194 2060 251 2135 της
274 2053 401 2128 πόλεως
423 2050 641 2135 γεγενημένος
663 2050 730 2116 ὑπὸ
749 2050 967 2134 Κασάνδρου,
991 2054 1136 2128 πολλοὺς

115 2154 246 2242 ἔχοντες
273 2158 488 2244 στρατιώτας,
515 2158 579 2223 άπὸ
607 2169 676 2223 τῶν
702 2168 820 2242 τειχῶν
845 2157 1023 2240 ἠμύνοντο.
1068 2168 1171 2223 τῶνε

115 2263 146 2327 δ’
166 2260 360 2348 Ἀντιγόνου
391 2276 601 2350 στρατιωτῶν
629 2287 718 2341 τινες
746 2263 941 2347 βιασάμενοι
970 2263 1025 2328 καί
1053 2266 1136 2329 κατὰ

70 2391 98 2432 ιο
115 2370 178 2453 την
199 2368 303 2454 άκτηυ
325 2371 530 2456 ὑπερβάντες
553 2371 647 2450 ἐντὸς
668 2381 729 2437 τοῦ
757 2373 886 2455 τείχους
913 2369 1136 2456 παρεδέξαντο

115 2479 252 2554 πλείους
278 2488 346 2543 τῶν
369 2477 693 2562 συναγωνιζομένων.
738 2478 882 2560 τὸνμὲν
907 2472 970 2543 οὖν
993 2482 1136 2563 Πειραιᾶ

115 2592 237 2649 τοῦτον
259 2586 319 2650 τὸν
341 2587 467 2670 τρόπον
490 2584 616 2650 ἁλῶναι
639 2585 774 2669 συνέβη,
796 2596 864 2651 τῶν
887 2583 920 2649 δ’
937 2582 1037 2651 ἔνδον
1055 2591 1136 2651 Διο-

116 2691 233 2768 νύσιος
250 2691 312 2774 μὲν
328 2691 346 2757 6
362 2692 575 2778 φρούραρχος
593 2694 641 2769 είς
658 2693 720 2775 την
733 2694 937 2777 Μουνυχίαν
956 2692 1136 2777 συνέφυγε,

116 2801 308 2884 Δημήτριος
335 2796 406 2864 δ’ὁ
439 2802 610 2884 Φαληρεὺς
638 2798 851 2884 ἀπεχώρησεν
878 2799 926 2876 είς
953 2801 1045 2865 άστυ.
1095 2807 1172 2883 τηε

71 2924 97 2965 ει
117 2902 147 2970 δ’
165 2905 325 2993 ὑστεραίηι
342 2905 510 2990 πεμφθείς
527 2907 606 2988 μεθ’
620 2904 743 2991 ἑτέρων
760 2906 964 2991 πρεσβευτὴς
986 2905 1053 2970 ὑπὸ
1076 2915 1136 2970 τοῦ

117 3014 224 3098 δημου
252 3013 336 3098 πρὸς
358 3017 553 3098 Δημήτριον
575 3012 631 3077 καί
657 3013 734 3097 περὶ
760 3023 818 3097 τῆς
843 3012 1043 3094 αὐτονομίας
1066 3012 1137 3076 δια-

187 3153 203 3206 l
222 3151 273 3214 τας
292 3150 398 3221 ίινοχας
415 3152 445 3206 Ρ
500 3150 519 3205 4
536 3150 751 3219 τατεσταθηεαν
765 3151 854 3206 Wess.
908 3146 1017 3206 όΟόλό
1018 3169 1098 3220 μνιος
1111 3151 1137 3205 V

118 3225 228 3280 Οίιολοό
211 3243 309 3286 νιος
326 3223 357 3277 F
420 3222 524 3293 θλαβ
492 3223 549 3293 βοον
568 3223 598 3277 F.
664 3224 678 3277 7
697 3222 782 3314 πεζην
800 3223 830 3277 F.
892 3222 927 3276 13
945 3221 1069 3290 Πειραιόι
1086 3221 1137 3275 RX

115 3295 340 3492 {32666612
363 3291 919 3438 63„55636‘30'2066365202'6632202
937 3293 994 3427 ’ζέε
1009 3293 1138 3435 6366}

131 3441 214 3493 λευθε
216 3437 282 3510 poc>
298 3438 369 3507 Poly
370 3453 431 3493 aen.
448 3437 526 3504 IV'l,
542 3443 571 3503 σς
593 3437 628 3492 cf.
644 3437 718 3491 Plut
735 3437 818 3492 Dem
830 3437 996 3525 “me
1041 3434 1157 3483 Μὰ

111 3478 1167 3652 χφπξὶῇ]ιχξτὲἒε.μΡο1χεευ.Π4,ε.Ἃῐῑειουιοιῑῶῑὶιαεω
