2460 3848
479 182 578 236 LIBRI
594 182 666 239 XIX.
1062 186 1088 240 V

65 273 119 321 cap.
201 283 214 309 ο

65 350 108 398 24.
137 342 276 398 Eumenes
295 343 378 397 simul
398 343 544 410 comitate,
569 343 654 397 simul
673 343 800 413 pecuniis
818 345 949 398 mutuum
968 347 1088 416 sumptis

138 469 140 473 .
172 423 249 477 velut
270 423 389 493 pignore
412 423 537 477 omnium
555 423 664 477 animos
683 422 835 478 obstrictos
853 425 940 480 tonet.
976 425 1087 482 Interea

172 502 288 558 nuntius
306 502 421 558 advenit
439 503 614 572 Antigonum
632 519 648 557 e
665 503 761 559 Media
780 504 809 558 in
824 503 949 558 Persiam
967 521 1086 561 movere.

172 583 320 652 Extemplo
345 582 485 638 Eumenes
510 583 586 637 hosti
612 582 724 637 obviam
748 599 912 654 progressus
937 584 968 638 in
993 584 1086 640 medio

171 663 273 718 itinere
291 661 389 717 morbo
408 663 445 716 ad
465 663 574 732 aliquot
593 663 653 718 dies
672 663 841 719 retardatur.

66 749 108 797 25.
137 742 206 798 (lum
238 743 349 797 hostem
376 742 514 798 Eumenes
547 745 692 799 assecutus
730 745 816 811 esset,
853 743 979 799 locorum
1016 744 1087 799 situs

171 822 311 893 proelium
335 839 392 876 non
418 823 541 878 admisit.
583 824 742 893 Antigonus
767 839 832 878 vero
855 824 1024 880 Macedones
1050 824 1086 879 ab

171 903 304 957 Eumenis
329 901 459 971 partibus
485 906 610 958 avertere
636 904 743 972 studet,
766 920 838 958 vano
859 906 957 960 tamen
975 908 1087 959 conatu.

66 989 107 1037 26.
135 983 275 1038 Eumenes
301 982 462 1037 coniectans
486 984 597 1038 hostem
623 986 751 1053 spectare
775 982 920 1038 Gabienen
943 985 1086 1054 regionem

171 1063 335 1133 opulentam
350 1077 382 1116 eo
402 1061 475 1116 clam
489 1065 610 1133 occupat
628 1064 690 1117 iter.
719 1063 906 1132 Subsequitur
919 1064 1085 1135 Antigonus.

170 1143 204 1197 In
221 1143 412 1197 Paraetacene
431 1142 640 1197 subsistendum
660 1145 728 1199 crat.

65 1229 107 1278 2⁷.
127 1229 170 1278 28.
189 1223 329 1278 Numerus
353 1224 497 1292 copiarum
518 1223 662 1293 Antigoni.
699 1223 841 1278 Instructa
860 1224 935 1278 acies
953 1225 1086 1279 Eumenis

172 1303 349 1358 describitur.

65 1389 107 1438 29.
135 1383 218 1438 Acies
238 1383 377 1453 disposita
395 1383 539 1454 Antigoni.

64 1468 106 1519 30.
134 1463 275 1519 Proelium
295 1464 462 1518 acerrimum
480 1463 555 1517 inter
572 1464 726 1518 Eumenem
745 1467 775 1518 et
792 1464 975 1534 Antigonum.

32 1545 33 1548 ’
64 1549 106 1600 31.
135 1542 263 1599 Victoria
282 1560 393 1614 anceps.

64 1629 106 1678 32.
135 1623 291 1678 Defunctus
319 1624 426 1694 proelio
454 1624 613 1694 Antigonus
644 1624 797 1679 exercitum
827 1625 857 1678 in
884 1624 1008 1679 Mediam
1037 1623 1086 1677 ab·

171 1704 265 1770 duxit,
287 1707 321 1758 ut
343 1721 407 1758 suos
430 1703 553 1774 largiore
575 1705 652 1758 victu
671 1705 700 1758 et
718 1704 813 1772 quiete
832 1704 965 1759 reficeret.
1003 1703 1086 1758 simi-

171 1784 393 1839 haruanense
412 1785 469 1838 suis
489 1783 613 1852 quietem
632 1784 777 1838 concessit.

63 1869 106 1918 33.
134 1863 318 1919 Memorabile
342 1865 461 1918 duarum
485 1881 519 1919 ex
539 1864 622 1918 India
640 1866 833 1918 matronarum
852 1864 888 1917 de
907 1863 1037 1918 obeunda
1055 1864 1085 1916 in

169 1942 267 1998 funere
286 1944 382 1999 mariti
400 1946 490 1999 morte
510 1947 659 2000 certamen.

63 2030 105 2080 34.
135 2024 243 2079 Victrix
264 2024 357 2078 iunior
378 2041 449 2079 uxor
472 2025 599 2094 coniugis
621 2042 651 2078 se
675 2024 796 2078 flammis
820 2024 956 2093 supericit
974 2026 1003 2077 et
1021 2040 1084 2078 cum

93 2110 96 2116 '
171 2121 203 2158 eo
230 2107 377 2160 crematur.
419 2104 537 2160 Peracto
562 2105 660 2160 funere
685 2104 824 2158 Eumenes
850 2119 951 2173 agmen
975 2103 1005 2156 in
1031 2102 1085 2157 Ga-

169 2183 272 2239 bienen
291 2185 377 2240 ducit.

63 2270 106 2319 35.
133 2264 167 2318 ln
190 2264 304 2334 Europa
329 2264 472 2320 Casander
496 2265 596 2320 relicta
621 2264 813 2333 Peloponneso
837 2264 867 2318 in
889 2264 1084 2318 Macedoniam

170 2346 268 2399 contra
291 2343 489 2415 Olympiadem
514 2348 615 2400 movet.
657 2344 803 2413 Olympias
822 2344 1002 2399 Aristonoum
1021 2362 1084 2399 cum

169 2424 294 2480 exercitu
313 2426 340 2480 ei
360 2424 471 2480 obviam
489 2427 587 2480 mittit.

62 2510 104 2560 36.
133 2504 276 2560 Casander
295 2505 492 2575 Olympiadem
510 2506 627 2574 Pydnae
650 2503 793 2560 obsessam
816 2506 901 2558 tenet.
939 2503 1029 2558 Simul
1047 2505 1083 2558 ab

168 2601 226 2640 una
244 2589 325 2655 parte
339 2587 503 2653 Aeacidum,
523 2602 618 2656 regem
631 2585 820 2654 Epirotarum,
841 2584 878 2637 ab
897 2584 988 2638 altera
1001 2584 1083 2653 Poly-

168 2666 351 2735 perchontem
369 2666 475 2721 auxilio
493 2668 624 2720 venturos
644 2667 728 2719 arcet.

61 2752 103 2800 37.
131 2746 164 2800 In
182 2746 251 2800 Asia
270 2746 430 2814 Antigonus
453 2748 583 2815 suscepto
606 2761 657 2814 per
680 2745 792 2800 deserta
816 2744 957 2800 laborioso
983 2746 1083 2799 itincre

168 2826 321 2880 Eumenem
341 2842 375 2880 ex
388 2826 539 2895 improviso
554 2825 712 2895 opprimere
726 2825 859 2880 instituit.
888 2826 944 2880 Sed
959 2827 1083 2894 agrestes

169 2905 306 2961 adhibitis
326 2906 441 2960 camelis
461 2906 648 2960 dromedariis
666 2922 726 2960 rem
744 2906 955 2974 praenuntiant.

61 2991 103 3041 38.
132 2986 266 3041 Eumenis
299 2985 417 3040 consilia
450 2987 486 3039 ad
520 2987 661 3056 cogendas
695 2986 791 3055 copias
824 2988 853 3040 et
880 2985 1082 3039 retardandum

167 3067 286 3122 hostem.

61 3153 102 3203 39.
133 3145 292 3216 Antigonus
325 3163 389 3200 cum
424 3145 454 3200 in
486 3147 644 3215 propinquo
678 3149 764 3214 esset,
801 3146 831 3200 in
868 3144 1082 3213 elephantorum

168 3242 270 3296 agmen
293 3226 439 3295 inopinato
462 3226 599 3295 impetum
620 3227 703 3292 facit,
723 3243 806 3294 quem
826 3225 916 3280 eludit
934 3224 1079 3278 Eumenes.

167 3307 227 3359 Iam
246 3322 311 3360 vero
331 3306 367 3360 ab
386 3308 506 3375 utraque
525 3309 607 3375 parte
627 3306 703 3361 acies
722 3307 877 3361 instruitur.

60 3392 102 3442 40.
131 3386 268 3456 Antigoni
287 3386 369 3440 acies.
406 3386 539 3441 Eumenis
558 3387 640 3441 acies.
997 3417 1000 3420 -

59 3473 101 3521 41.
130 3467 352 3535 Argyraspidum
374 3484 477 3536 praeco
503 3467 541 3522 ad
562 3468 745 3542 pbalangem
765 3464 911 3535 Antigoni
923 3458 1125 3528 prassinam.

159 3562 242 3611 quam
262 3548 300 3600 ad
320 3550 534 3608 transeundum
554 3553 748 3610 sollicitaret.
