2460 3848
110 210 176 276 270
464 205 775 262 ΜουσεΧΧεε-οι.

110 351 297 438 ἀμφοτέρας
320 351 445 437 συνέβη
468 361 660 437 περιπεσεῖν
683 354 860 439 παραλόγῳ
883 352 951 416 τινί
973 359 1131 440 συμφορᾷ

57 459 99 527 65
109 461 165 526 καλ
195 468 299 525 πᾶσιν
330 459 524 547 ἀνελπίστφ.
579 469 646 525 τῶν
678 461 742 544 γάρ
775 459 1018 544 Καρχηδονίων
1049 461 1130 543 μετὰ

109 567 171 650 τὴν
194 570 291 651 νίκην
314 569 393 644 τοὺς
419 569 616 643 καλλίστους
644 574 711 631 τῶν
735 566 949 650 αἰχμαλώτων
971 568 1130 632 θυόντων

88 677 304 767 ,χαριστήρια
330 674 450 751 νυκτός
477 682 547 750 τοῖς
574 679 668 750 θεοῖς
694 672 751 738 καί
772 676 899 738 πολλοῦ
923 675 1030 757 πυρὸς
1051 676 1131 750 τοὺς

112 780 428 867 ἱεροκαυτουμένους
458 780 583 865 ἀνδρας
613 778 809 863 κατέχοντος
840 777 998 865 ἐξαίφνης
1029 781 1130 845 πνεύ-
1162 801 1176 841 ι

109 910 210 970 ματος
223 886 438 965 ἐπιπεσόντος
453 885 578 970 συνέβη
597 888 659 971 την
675 886 768 971 ίεράν
782 887 909 971 σκηνὴν
923 886 1130 972 ἀναφθῆναι,

110 996 252 1078 πλησίον
279 988 386 1059 οὖσαν
412 1001 472 1059 τοῦ
500 997 629 1077 βωμοῦ,
657 992 722 1059 ἀπὸ
745 993 783 1058 δὲ
805 993 926 1078 ταύτης
947 995 1010 1078 την
1032 1009 1130 1079 στρα-

110 1101 248 1185 τηγικὴν
274 1101 330 1165 καλ
357 1102 439 1166 κατὰ
466 1102 503 1167 τὸ
534 1100 671 1185 συνεχὲς
700 1100 802 1177 οὔσας
830 1102 931 1180 <τδις>
959 1111 1027 1166 τῶν
1054 1101 1130 1185 ἡγε-

110 1209 232 1291 μόνων,
251 1207 335 1272 ὥστε
354 1209 482 1292 πολλὴν
498 1203 654 1291 ἔκπληξιν
670 1206 830 1290 γενέσθαι
847 1208 903 1273 καί
922 1210 1032 1293 φόβον
1048 1210 1130 1273 κατὰ

109 1323 177 1380 πᾶν
213 1315 250 1379 τὸ
288 1314 522 1398 στρατόπεδον.
576 1314 664 1391 τινές
700 1314 761 1396 μέν
792 1316 856 1400 γδρ
891 1316 928 1380 τὸ
960 1324 1028 1401 πῦρ
1061 1313 1130 1380 ἐπι·
1150 1335 1176 1375 ιο

110 1429 299 1507 χωροῦντες
322 1420 448 1504 σβέσαι,
472 1413 560 1497 τινὲς
581 1419 620 1486 δὲ
642 1423 701 1498 τὰς
722 1423 909 1499 πανοπλίας
930 1422 986 1486 καλ
1008 1423 1048 1486 τὰ
1071 1442 1130 1487 πο-

109 1527 326 1594 λυτελέστατα
357 1539 425 1593 τῶν
457 1526 776 1613 παρεσκευασμένων
808 1526 1032 1612 ἐκκομίζοντες
1062 1528 1128 1594 ὑπὸ

109 1645 167 1720 τῆς
195 1635 320 1720 φλογὸς
348 1634 632 1717 ἀπελαμβάνοντο·
661 1644 729 1700 τῶν
756 1637 820 1720 γὰρ
848 1645 981 1719 σκηνῶν
1008 1633 1044 1700 ἐκ
1071 1659 1128 1699 κα-

109 1742 216 1824 λάμου
248 1742 303 1807 καί
334 1743 456 1826 χόρτου
489 1741 715 1826 συγκειμένων
745 1741 802 1807 καί
832 1751 892 1806 τοῦ
924 1742 1030 1827 πυρὸς
1061 1741 1127 1805 ὑπὸ

110 1857 169 1914 τοῦ
197 1849 384 1931 πνεύματος
410 1851 599 1933 βιαιότερον
623 1846 874 1935 ἐκριπισθέντος
900 1847 921 1931 ἡ
949 1848 1038 1932 παρὰ
1060 1856 1127 1911 τῶν
1147 1865 1173 1906 1⁶

75 1965 320 2040 εστρατιωτῦν
349 1959 491 2041 βοῆθεια
520 1964 735 2040 κατεταχεῖτο.
788 1955 841 2020 διὸ
870 1954 926 2023 καί
956 1964 1014 2039 τῆς
1046 1975 1128 2039 παρ-

110 2065 250 2147 εμβολῆς
268 2066 350 2147 ταχῦ
369 2063 476 2147 πάσης
495 2062 700 2148 φλεγομένης
723 2061 841 2127 πολλοί
863 2061 924 2145 μὲν
942 2059 981 2127 έν
999 2070 1129 2138 στεναῖς

110 2178 181 2246 ταῖς
209 2170 335 2247 διόδοις
362 2169 616 2254 ἀποληφθέντες
645 2171 764 2247 ζῶντες
794 2169 1048 2252 κατεκαύθησαν
1075 2168 1130 2233 καί

110 2285 167 2360 τῆς
199 2277 247 2353 εἰς
278 2279 357 2354 τοὺς
385 2277 611 2361 αἰχμαλώτους
643 2277 809 2360 ὠμότητος
841 2284 1038 2362 παραχρῆμα
1064 2275 1184 2358 τῆνιοσ

111 2385 248 2448 κόλασιν
264 2383 421 2468 ὑπέσχου,
441 2383 542 2467 αὐτῆς
558 2393 615 2468 τῆς
634 2383 786 2466 ἀσεβείας
805 2383 882 2467 ίσην
896 2384 957 2468 τῆν
970 2382 1131 2468 τιμωρίαν
1148 2403 1176 2444 ιο

111 2489 346 2576 πορισαμένης·
378 2500 448 2567 τοῖς
480 2486 510 2554 δ’
537 2487 574 2554 ἐκ
605 2499 664 2574 τῆς
695 2492 905 2575 παρεμβολῆς
936 2488 1132 2555 ἐκπίπτουσι

110 2599 190 2680 μετὰ
208 2597 363 2682 θορύβου
382 2597 437 2662 καί
454 2606 601 2682 κραυγῆς
620 2595 730 2682 ἕτερος
745 2599 864 2680 μείζων
880 2595 1131 2680 ἐπηκολούθησε

60 2705 101 2770 66
112 2704 278 2781 κίνδυνος.
333 2714 400 2769 τῶν
436 2703 497 2786 μὲν
534 2705 597 2787 γάρ
627 2703 823 2786 Ἀγαθοκλεῖ
859 2701 1132 2786 συντεταγμένων

112 2811 250 2894 Λιβύων
273 2811 321 2888 είς
343 2812 629 2895 πεντακισχιλίους
652 2808 854 2887 ἀποστάντες
876 2821 944 2874 τῶν
962 2807 1131 2892 Ἑλλήνων

112 2919 232 2995 νυκτὸς
268 2917 477 3002 ηὐτομόλουν
508 2918 592 3002 πρὸς
627 2919 706 2994 τοὺς
739 2915 938 3002 βαρβάρους.
991 2915 1131 2992 τούτους
1149 2937 1176 2977 ιε

112 3026 150 3091 δέ
183 3026 215 3090 ol
245 3026 329 3111 πρὸς
361 3027 422 3110 τῆν
454 3025 665 3109 κατασκοπηυ
697 3021 945 3107 ἐκπεμφθέντες
976 3023 1020 3100 ὡς
1056 3022 1132 3086 ἰ’δον

112 3131 167 3198 ἐπὶ
196 3133 258 3217 την
286 3133 499 3217 παρεμβολὴν
525 3141 593 3196 τῶν
620 3131 863 3215 Καρχηδονίων
892 3130 1132 3216 προσάγοντας,

183 3287 319 3343 2ἀνελπί
308 3288 436 3351 ι.στως]3“
492 3288 518 3343 3.
533 3287 551 3343 4
569 3285 700 3342 θυοντων
718 3285 819 3349 νυκτὸς
837 3286 1002 3358 χαριστήρια
1019 3285 1131 3342 Reiske.

111 3360 225 3428 δίεροκ
226 3357 479 3431 αυστουμένουςδῚ
547 3359 676 3432 8<τδις>
692 3359 757 3414 add.
772 3359 869 3427 Dind.;
888 3358 938 3412 καὶ
952 3357 1112 3430 <τδις>τ
1059 3378 1096 3411 κα
1096 3359 1132 3412 τὰ

98 3447 160 3484 τ.,σ
177 3430 396 3494 ούσαςίίθίείτθ
454 3430 489 3487 18
508 3429 772 3501 άπολειφθέντεςδ
787 3446 856 3484 oorr
871 3435 895 3483 1.
906 3447 942 3483 m.
992 3429 1028 3483 20
1046 3429 1133 3521 αὐτῆς

83 3503 138 3566 ἧς
154 3501 254 3647 ddefid
270 3505 407 3579 αὐτοῖς(
407 3522 479 3562 corr.
501 3511 525 3562 2.
541 3507 591 3578 m.)
612 3504 689 3577 ἀσεβ.
704 3502 739 3556 λδ.
785 3500 835 3568 την
854 3501 953 3554 οεοῦ
1018 3501 1115 3553 θέτω

63 3567 144 3642 W]
158 3592 204 3628 ἴω
334 3577 376 3636 26
396 3508 536 3637 είλῖδον

22 3778 49 3812 k
