2460 3848
99 178 164 243 228
467 173 642 230 Diodor.XX
656 178 698 228 38.
709 179 751 229 39.

99 320 326 406 Καρχηδόνιοι
352 318 641 406 παραγενηθέντες
669 320 717 397 είς
743 321 822 396 τοὺς
847 319 1010 402 Νομάδας
1040 323 1120 398 τοὺς

99 427 325 509 καλουμένους
344 427 544 510 Ζούφωνας,
567 428 712 503 πολλοὺς
734 435 802 492 τῶν
825 423 994 513 ἐγχωρίων
1016 443 1119 513 προσ-

15 576 19 582 ·
99 535 263 620 ηγάγουτο
295 535 351 600 καί
377 544 446 600 τῶν
473 533 707 619 ἀφεστηκότων
736 531 848 611 ένίους
875 534 924 611 είς
949 535 1011 618 τήν
1038 555 1119 618 προ-

97 642 316 726 ϋπάρχουσαν
343 639 613 725 ἀποκατέστησαν
640 641 840 724 συμμαχίαν·
869 638 939 706 ἐπεὶ
967 637 998 704 δ’
1019 641 1120 725 ήκου-

99 765 163 815 σαν
181 751 324 833 πλησίον
343 742 429 814 εἶναι
447 751 527 824 τοὺς
544 748 732 830 πολεμίους,
753 747 1120 834 κατεστρατοπέδευσαν
1153 769 1166 809 ι

99 855 156 922 ἐπί
176 879 267 933 τινος
289 857 463 940 γεωλόφου
487 853 723 940 περιεχομένου
747 854 897 940 ῥεέθροις
919 853 1041 937 βαθέσι
1063 854 1120 921 καί

64 962 326 1048 εδυσπεράτοις.
376 962 432 1026 καί
460 963 545 1047 πρὸς
574 961 635 1044 μὲν
664 962 723 1038 τάς
750 960 1021 1048 ἀπροσδοκήτους
1050 960 1120 1027 έπι-

98 1069 212 1146 θέσεις
234 1078 301 1133 τῶν
324 1065 486 1133 ἐναντίων
508 1076 611 1133 ταῦτα
634 1067 875 1154 προεβάλοντο,
898 1079 966 1133 τῶν
989 1068 1026 1134 δὲ
1048 1072 1120 1134 Νο-

98 1176 214 1258 μάδων
232 1176 311 1253 τοὺς
328 1173 456 1257 μάλιστ’
471 1174 633 1252 εὐθέτους
651 1173 857 1261 προσέταξαν
875 1173 1120 1242 ἐπακολουθεῖν

99 1292 168 1359 τοῖς
183 1279 343 1366 Ἕλλησιν
365 1280 422 1350 καὶ
444 1287 733 1368 παρενοχλοῦντας
758 1283 901 1349 κωλύειν
924 1283 1035 1348 αὐτῶν
1057 1284 1120 1367 τήν
1140 1304 1167 1345 ιο

99 1391 146 1468 είς
174 1391 412 1475 τοῦμπροσθεν
440 1389 588 1474 πορείαν.
634 1383 683 1456 ὧν
709 1389 920 1473 ποιησάντων
949 1390 987 1454 τὸ
1017 1406 1120 1475 προσ-

98 1497 224 1581 ταχθὲν
244 1499 449 1580 Ἀγαθοκλῆς
471 1495 526 1563 ἐπὶ
548 1496 609 1579 μὲν
627 1497 768 1573 τούτους
790 1495 959 1562 ἀπέστειλε
983 1496 1062 1573 τούς
1084 1520 1120 1563 τε

99 1604 329 1689 σφενδονήτας
359 1603 414 1668 καί
443 1600 593 1688 τοξότας,
625 1604 725 1681 αὐτὸς
755 1603 793 1669 δέ
821 1604 903 1686 μετά
931 1612 989 1687 τῆς
1018 1604 1121 1688 άλλης

99 1710 271 1792 δυνάμεως
293 1710 446 1796 ὥρμησεν
465 1708 520 1775 ἐπὶ
542 1711 604 1795 τήν
623 1709 757 1795 [ἀλλην]
776 1709 1034 1793 στρατοπεδείαν
1051 1720 1121 1775 τῶν

63 1819 273 1898 4πολεμίων.
328 1817 361 1881 ολ
397 1816 434 1882 δὲ
466 1817 693 1902 Καρχηδόνιοι
728 1817 790 1900 τήν
825 1814 978 1882 ἐπίνοιαν
1015 1817 1119 1883 αὐτοῦ
1141 1838 1167 1878 ιε

97 1927 362 2008 κατανοήσαντες
389 1921 551 2008 ἐξήγαγον
577 1925 639 2008 τήν
663 1924 821 2005 στρατιάν
848 1921 885 1988 ἐκ
911 1933 970 2007 τῆς
996 1944 1121 2009 παρεμ

98 2034 200 2114 βολής
221 2031 277 2096 καί
299 2029 544 2117 παρατάξαντες
566 2029 690 2112 ἕτοιμοι
713 2030 796 2115 πρὸς
818 2029 927 2114 μάχην
944 2033 1121 2114 καθειστή-

97 2154 221 2203 κεισαν.
262 2136 334 2203 ἐπεὶ
357 2138 389 2201 δ’
406 2135 520 2223 ἑώρων
542 2138 621 2213 τοὺς
643 2136 720 2222 περί
741 2137 801 2202 τὸν
821 2135 1026 2221 Ἀγαθοκλέα
1048 2138 1121 2202 δια-

98 2246 277 2328 βαίνοντας
303 2245 366 2328 ήδη
396 2245 456 2308 τὸν
483 2245 642 2326 ποταμόν,
673 2243 930 2328 συντεταγμένοι
959 2242 1121 2326 ἐνέβαλον

98 2355 154 2419 καί
172 2352 248 2438 περὶ
265 2353 303 2417 τὸ
328 2351 468 2436 ῥεῖθρον
487 2350 696 2436 δυσπέρατον
714 2348 866 2435 ὑπάρχον
884 2353 1030 2428 πολλοὺς
1052 2361 1121 2417 τῶν
1141 2375 1167 2415 εο

64 2458 261 2542 ςέναντίων
284 2454 442 2547 ἀνήρουν.
479 2457 770 2543 προσβιαζομένων
794 2457 832 2523 δέ
853 2468 921 2523 τῶν
943 2453 1012 2539 μετ’
1026 2456 1122 2541 Ἀγα-

98 2565 262 2642 θοκλέους
288 2565 321 2630 ol
348 2564 410 2647 μὲν
429 2559 589 2648 Ἓλληνες
615 2574 687 2641 ταῖς
713 2565 845 2649 ἀρεταῖς
871 2563 1059 2650 ὑπερεῖχον,
1087 2566 1122 2631 οἱ

99 2672 136 2738 δέ
159 2671 324 2756 βάρβαροι
345 2680 416 2747 τοῖς
437 2674 583 2755 πλήθεσι
605 2673 843 2757 περιεγίνοντο.
880 2667 966 2736 έυθα
989 2672 1031 2756 δή
1052 2682 1121 2737 τῶν

98 2777 331 2863 στρατοπέδων
354 2777 409 2844 ἐπὶ
436 2780 545 2846 πολὺν
567 2780 692 2862 χρόνον
715 2780 897 2863 φιλοτίμως
923 2779 1121 2864 ἀγωνιζομέ-

98 2910 168 2952 νων
195 2887 229 2952 οί
255 2882 332 2972 παρ’
351 2884 551 2971 ἀμφοτέροις
572 2885 729 2967 Νομάδες
755 2896 813 2970 τῆς
840 2886 901 2968 μὲν
924 2887 1028 2971 μάχης
1055 2886 1121 2971 άφ-
1140 2907 1167 2949 ετ

22 3040 24 3044 ,
98 2997 315 3078 ειστήκεισαν,
338 2991 521 3078 ἐπετήρουν
544 2993 582 3058 δὲ
604 2994 642 3059 τὸ
665 2992 759 3069 τέλος
781 3002 840 3058 τού
863 2993 1041 3077 κινδύνου,
1070 2995 1121 3058 δι-

98 3103 279 3185 εγνωκότες
306 3112 375 3166 τῶν
403 3098 594 3185 ἡττημένων
623 3101 681 3177 τάς
711 3099 898 3178 ἀποσκευάς
929 3100 1119 3186 διαρπάσαι.

168 3229 186 3313 2
206 3259 355 3327 Ζούφωνες
372 3258 443 3328 ign.;
464 3256 498 3311 cf.
517 3255 634 3310 Meltzer
651 3257 664 3310 I
682 3275 709 3326 p.
724 3263 784 3312 446.
800 3262 861 3313 526.
933 3258 958 3313 3.
973 3257 991 3312 4
1009 3258 1050 3320 εἰς
1067 3258 1120 3328 τήν

97 3329 318 3398 προνπάρξασαυ
346 3326 504 3399 συμμαχίαν
532 3325 761 3398 ἀποκατέστησαν
788 3330 818 3383 F.
897 3330 915 3383 9
941 3329 1060 3400 μάλιστα
1084 3329 1119 3386 X.

77 3401 130 3462 ‚11
141 3400 261 3473 [ἀλλην]
284 3402 338 3456 del.
358 3400 442 3455 Dind.
516 3398 551 3453 19
576 3399 630 3470 ήδη
656 3417 709 3454 om.
731 3401 761 3454 F.
817 3399 949 3472 ἐνέβαλον
973 3417 1120 3472 συντεταγ-

52 3465 158 3596 Ρμίῖφι
174 3471 207 3527 F.
266 3474 305 3530 21
321 3473 397 3544 μετά
413 3471 449 3530 Χ.
506 3471 544 3529 23
562 3469 767 3545 περιεγίνοντολ
785 3471 821 3528 οἳ.
840 3472 974 3526 Hultzseh
992 3491 1034 3542 pr.
1053 3473 1118 3529 Ραε.
