<?xml version="1.0" encoding="UTF-8"?>
<!DOCTYPE html PUBLIC "-//W3C//DTD XHTML 1.0 Transitional//EN"
    "http://www.w3.org/TR/xhtml1/DTD/xhtml1-transitional.dtd">
<html xmlns="http://www.w3.org/1999/xhtml" xml:lang="en" lang="en">
 <head>
  <title>
</title>
<meta http-equiv="Content-Type" content="text/html;charset=utf-8" />
  <meta name='ocr-system' content='tesseract 3.04.00' />
  <meta name='ocr-capabilities' content='ocr_page ocr_carea ocr_par ocr_line ocrx_word'/>
</head>
<body>
  <div class='ocr_page' id='page_1' title='image "./diodoribiblioth00vogegoog/diodoribiblioth00vogegoog_0359.png"; bbox 0 0 2460 3848; ppageno 0'>
   <div class='ocr_carea' id='block_1_1' title="bbox 117 196 786 267">
    <p class='ocr_par' dir='ltr' id='par_1_1' title="bbox 117 196 786 267">
     <span class='ocr_line' id='line_1_1' title="bbox 117 196 786 267; baseline -0.009 -8"><span class='ocrx_word' id='word_1_1' title='bbox 117 201 182 267; x_wconf 78' lang='grc'><strong><em>332</em></strong></span> <span class='ocrx_word' id='word_1_2' title='bbox 467 198 580 252; x_wconf 87' lang='lat' dir='ltr'><strong>Diodor.</strong></span> <span class='ocrx_word' id='word_1_3' title='bbox 590 196 641 250; x_wconf 91' lang='lat' dir='ltr'><strong><em>XX</em></strong></span> <span class='ocrx_word' id='word_1_4' title='bbox 656 203 716 254; x_wconf 87' lang='lat'>110.</span> <span class='ocrx_word' id='word_1_5' title='bbox 728 203 786 253; x_wconf 90' lang='lat'>111.</span> 
     </span>
    </p>
   </div>
   <div class='ocr_carea' id='block_1_2' title="bbox 41 343 1184 3598">
    <p class='ocr_par' dir='ltr' id='par_1_2' title="bbox 116 343 1137 644">
     <span class='ocr_line' id='line_1_2' title="bbox 117 343 1137 430; baseline 0.002 -22"><span class='ocrx_word' id='word_1_6' title='bbox 117 352 202 409; x_wconf 84' lang='grc' dir='ltr'><strong><em>νοῶν</em></strong></span> <span class='ocrx_word' id='word_1_7' title='bbox 238 351 410 430; x_wconf 89' lang='grc' dir='ltr'><strong><em>χωροῦντα</em></strong></span> <span class='ocrx_word' id='word_1_8' title='bbox 449 345 557 428; x_wconf 83' lang='grc' dir='ltr'><strong><em>Φεράς</em></strong></span> <span class='ocrx_word' id='word_1_9' title='bbox 596 344 658 425; x_wconf 79' lang='grc' dir='ltr'><strong><em>μὲν</em></strong></span> <span class='ocrx_word' id='word_1_10' title='bbox 697 345 753 409; x_wconf 83' lang='grc' dir='ltr'><strong><em>καὶ</em></strong></span> <span class='ocrx_word' id='word_1_11' title='bbox 791 347 903 429; x_wconf 78' lang='grc' dir='ltr'><strong><em>Θήβας</em></strong></span> <span class='ocrx_word' id='word_1_12' title='bbox 943 343 1137 430; x_wconf 78' lang='grc' dir='ltr'><strong><em>ἁδροτέραις</em></strong></span> 
     </span>
     <span class='ocr_line' id='line_1_3' title="bbox 118 450 1137 536; baseline 0.001 -21"><span class='ocrx_word' id='word_1_13' title='bbox 118 459 282 536; x_wconf 78' lang='grc' dir='ltr'><strong><em>φρουραῖς</em></strong></span> <span class='ocrx_word' id='word_1_14' title='bbox 305 451 546 535; x_wconf 77' lang='grc' dir='ltr'><strong><em>παρεφύλαττε,</em></strong></span> <span class='ocrx_word' id='word_1_15' title='bbox 568 452 630 534; x_wconf 79' lang='grc' dir='ltr'><strong><em>την</em></strong></span> <span class='ocrx_word' id='word_1_16' title='bbox 648 451 686 516; x_wconf 85' lang='grc' dir='ltr'><strong><em>δέ</em></strong></span> <span class='ocrx_word' id='word_1_17' title='bbox 709 450 854 533; x_wconf 92' lang='grc' dir='ltr'><strong><em>δύναμιν</em></strong></span> <span class='ocrx_word' id='word_1_18' title='bbox 874 459 985 517; x_wconf 82' lang='grc' dir='ltr'><strong><em>πᾶσαν</em></strong></span> <span class='ocrx_word' id='word_1_19' title='bbox 1008 452 1055 528; x_wconf 90' lang='grc' dir='ltr'><strong><em>είς</em></strong></span> <span class='ocrx_word' id='word_1_20' title='bbox 1078 450 1137 517; x_wconf 71' lang='grc' dir='ltr'><strong><em>ἕνα</em></strong></span> 
     </span>
     <span class='ocr_line' id='line_1_4' title="bbox 116 557 1137 644; baseline 0.001 -22"><span class='ocrx_word' id='word_1_21' title='bbox 116 560 221 623; x_wconf 88' lang='grc' dir='ltr'><strong><em>τόπον</em></strong></span> <span class='ocrx_word' id='word_1_22' title='bbox 244 557 407 643; x_wconf 85' lang='grc' dir='ltr'><strong><em>ἀθροίσας</em></strong></span> <span class='ocrx_word' id='word_1_23' title='bbox 430 557 771 644; x_wconf 76' lang='grc' dir='ltr'><strong><em>ἀντεστρατοπέδευσε</em></strong></span> <span class='ocrx_word' id='word_1_24' title='bbox 793 557 962 643; x_wconf 77' lang='grc' dir='ltr'><strong><em>τοῖςπερὶ</em></strong></span> <span class='ocrx_word' id='word_1_25' title='bbox 984 559 1045 623; x_wconf 93' lang='grc' dir='ltr'><strong><em>τὸν</em></strong></span> <span class='ocrx_word' id='word_1_26' title='bbox 1067 563 1137 642; x_wconf 88' lang='grc' dir='ltr'><strong><em>Δη·</em></strong></span> 
     </span>
    </p>

    <p class='ocr_par' dir='ltr' id='par_1_3' title="bbox 82 658 1183 1711">
     <span class='ocr_line' id='line_1_5' title="bbox 82 658 1137 750; baseline 0 -20"><span class='ocrx_word' id='word_1_27' title='bbox 82 683 99 730; x_wconf 83' lang='lat'>4</span> <span class='ocrx_word' id='word_1_28' title='bbox 117 667 265 750; x_wconf 82' lang='grc' dir='ltr'><strong><em>μήτριον.</em></strong></span> <span class='ocrx_word' id='word_1_29' title='bbox 302 658 368 748; x_wconf 87' lang='grc' dir='ltr'><strong><em>είχε</em></strong></span> <span class='ocrx_word' id='word_1_30' title='bbox 384 663 422 729; x_wconf 85' lang='grc' dir='ltr'><strong><em>δέ</em></strong></span> <span class='ocrx_word' id='word_1_31' title='bbox 436 666 516 741; x_wconf 82' lang='grc' dir='ltr'><strong><em>τοὺς</em></strong></span> <span class='ocrx_word' id='word_1_32' title='bbox 532 664 724 747; x_wconf 87' lang='grc' dir='ltr'><strong><em>σύμπαντας</em></strong></span> <span class='ocrx_word' id='word_1_33' title='bbox 739 667 857 744; x_wconf 80' lang='grc' dir='ltr'><strong><em>πεζοὺς</em></strong></span> <span class='ocrx_word' id='word_1_34' title='bbox 874 665 937 748; x_wconf 81' lang='grc' dir='ltr'><strong><em>μέν</em></strong></span> <span class='ocrx_word' id='word_1_35' title='bbox 955 667 1003 742; x_wconf 87' lang='grc' dir='ltr'><strong><em>είς</em></strong></span> <span class='ocrx_word' id='word_1_36' title='bbox 1021 666 1137 747; x_wconf 92' lang='grc' dir='ltr'><strong><em>δισμυ-</em></strong></span> 
     </span>
     <span class='ocr_line' id='line_1_6' title="bbox 118 769 1181 858; baseline -0.003 -22"><span class='ocrx_word' id='word_1_37' title='bbox 118 774 212 856; x_wconf 87' lang='grc' dir='ltr'><strong><em>ρίους</em></strong></span> <span class='ocrx_word' id='word_1_38' title='bbox 244 769 522 855; x_wconf 87' lang='grc' dir='ltr'><strong><em>ἐννακισχιλίους,</em></strong></span> <span class='ocrx_word' id='word_1_39' title='bbox 561 772 670 848; x_wconf 83' lang='grc' dir='ltr'><strong><em>ίππείς</em></strong></span> <span class='ocrx_word' id='word_1_40' title='bbox 706 771 744 837; x_wconf 84' lang='grc' dir='ltr'><strong><em>δέ</em></strong></span> <span class='ocrx_word' id='word_1_41' title='bbox 775 773 967 856; x_wconf 78' lang='grc' dir='ltr'><strong><em>δισχιλίους.</em></strong></span> <span class='ocrx_word' id='word_1_42' title='bbox 1022 783 1068 858; x_wconf 82' lang='grc' dir='ltr'><strong><em>τῶ</em></strong></span> <span class='ocrx_word' id='word_1_43' title='bbox 1100 772 1137 837; x_wconf 87' lang='grc' dir='ltr'><strong><em>δέ</em></strong></span> <span class='ocrx_word' id='word_1_44' title='bbox 1170 794 1181 833; x_wconf 88' lang='grc' dir='ltr'><strong><em>ε</em></strong></span> 
     </span>
     <span class='ocr_line' id='line_1_7' title="bbox 117 877 1137 963; baseline 0.001 -20"><span class='ocrx_word' id='word_1_45' title='bbox 117 879 297 963; x_wconf 80' lang='grc' dir='ltr'><strong><em>Δημητρίῳ</em></strong></span> <span class='ocrx_word' id='word_1_46' title='bbox 325 877 605 961; x_wconf 78' lang='grc' dir='ltr'><strong><em>συνηκολούθουν</em></strong></span> <span class='ocrx_word' id='word_1_47' title='bbox 630 879 738 955; x_wconf 77' lang='grc' dir='ltr'><strong><em>ἱππεῖς</em></strong></span> <span class='ocrx_word' id='word_1_48' title='bbox 765 878 827 960; x_wconf 75' lang='grc' dir='ltr'><strong><em>μὲν</em></strong></span> <span class='ocrx_word' id='word_1_49' title='bbox 849 880 950 963; x_wconf 82' lang='grc' dir='ltr'><strong><em>χίλιοι</em></strong></span> <span class='ocrx_word' id='word_1_50' title='bbox 977 879 1033 944; x_wconf 87' lang='grc' dir='ltr'><strong><em>καλ</em></strong></span> <span class='ocrx_word' id='word_1_51' title='bbox 1060 899 1137 944; x_wconf 89' lang='grc' dir='ltr'><strong><em>πεν-</em></strong></span> 
     </span>
     <span class='ocr_line' id='line_1_8' title="bbox 116 983 1137 1067; baseline 0.003 -19"><span class='ocrx_word' id='word_1_52' title='bbox 116 986 280 1067; x_wconf 90' lang='grc' dir='ltr'><strong><em>τακόσιοι,</em></strong></span> <span class='ocrx_word' id='word_1_53' title='bbox 302 984 394 1062; x_wconf 82' lang='grc' dir='ltr'><strong><em>πεζοί</em></strong></span> <span class='ocrx_word' id='word_1_54' title='bbox 416 983 454 1048; x_wconf 84' lang='grc' dir='ltr'><strong><em>δέ</em></strong></span> <span class='ocrx_word' id='word_1_55' title='bbox 471 985 667 1062; x_wconf 75' lang='grc' dir='ltr'><strong><em>Μακεδόνες</em></strong></span> <span class='ocrx_word' id='word_1_56' title='bbox 690 985 752 1050; x_wconf 85' lang='grc' dir='ltr'><strong><em>οὐκ</em></strong></span> <span class='ocrx_word' id='word_1_57' title='bbox 775 983 930 1063; x_wconf 88' lang='grc' dir='ltr'><strong><em>ἐλάττους</em></strong></span> <span class='ocrx_word' id='word_1_58' title='bbox 953 996 1020 1051; x_wconf 89' lang='grc' dir='ltr'><strong><em>τῶν</em></strong></span> <span class='ocrx_word' id='word_1_59' title='bbox 1043 985 1137 1052; x_wconf 88' lang='grc' dir='ltr'><strong><em>ὀκτα-</em></strong></span> 
     </span>
     <span class='ocr_line' id='line_1_9' title="bbox 116 1085 1137 1177; baseline 0.001 -22"><span class='ocrx_word' id='word_1_60' title='bbox 116 1092 299 1175; x_wconf 92' lang='grc' dir='ltr'><strong><em>κισχιλίων,</em></strong></span> <span class='ocrx_word' id='word_1_61' title='bbox 326 1092 533 1176; x_wconf 80' lang='grc' dir='ltr'><strong><em>μισθοφόροι</em></strong></span> <span class='ocrx_word' id='word_1_62' title='bbox 561 1085 591 1155; x_wconf 92' lang='grc' dir='ltr'><strong><em>δ’</em></strong></span> <span class='ocrx_word' id='word_1_63' title='bbox 610 1092 657 1168; x_wconf 90' lang='grc' dir='ltr'><strong><em>είς</em></strong></span> <span class='ocrx_word' id='word_1_64' title='bbox 683 1094 825 1177; x_wconf 86' lang='grc' dir='ltr'><strong><em>μυρίους</em></strong></span> <span class='ocrx_word' id='word_1_65' title='bbox 851 1092 907 1157; x_wconf 80' lang='grc' dir='ltr'><strong><em>καί</em></strong></span> <span class='ocrx_word' id='word_1_66' title='bbox 929 1108 1137 1177; x_wconf 88' lang='grc' dir='ltr'><strong><em>πεντακισχι-</em></strong></span> 
     </span>
     <span class='ocr_line' id='line_1_10' title="bbox 118 1195 1138 1285; baseline 0.002 -23"><span class='ocrx_word' id='word_1_67' title='bbox 118 1199 226 1280; x_wconf 91' lang='grc' dir='ltr'><strong><em>λίους,</em></strong></span> <span class='ocrx_word' id='word_1_68' title='bbox 252 1195 289 1263; x_wconf 91' lang='grc' dir='ltr'><strong><em>ἐκ</em></strong></span> <span class='ocrx_word' id='word_1_69' title='bbox 317 1197 354 1263; x_wconf 81' lang='grc' dir='ltr'><strong><em>δέ</em></strong></span> <span class='ocrx_word' id='word_1_70' title='bbox 376 1207 444 1263; x_wconf 90' lang='grc' dir='ltr'><strong><em>τῶν</em></strong></span> <span class='ocrx_word' id='word_1_71' title='bbox 466 1199 548 1263; x_wconf 83' lang='grc' dir='ltr'><strong><em>κατά</em></strong></span> <span class='ocrx_word' id='word_1_72' title='bbox 570 1199 632 1281; x_wconf 76' lang='grc' dir='ltr'><strong><em>τὴν</em></strong></span> <span class='ocrx_word' id='word_1_73' title='bbox 650 1196 793 1264; x_wconf 72' lang='grc' dir='ltr'><strong><em>&lt;Ελλάδα</em></strong></span> <span class='ocrx_word' id='word_1_74' title='bbox 815 1201 946 1264; x_wconf 90' lang='grc' dir='ltr'><strong><em>πόλεων</em></strong></span> <span class='ocrx_word' id='word_1_75' title='bbox 969 1200 1138 1285; x_wconf 68' lang='grc' dir='ltr'><strong><em>δισμύριοι</em></strong></span> 
     </span>
     <span class='ocr_line' id='line_1_11' title="bbox 117 1305 1183 1390; baseline -0.003 -21"><span class='ocrx_word' id='word_1_76' title='bbox 117 1305 173 1370; x_wconf 87' lang='grc' dir='ltr'><strong><em>καλ</em></strong></span> <span class='ocrx_word' id='word_1_77' title='bbox 200 1306 474 1389; x_wconf 84' lang='grc' dir='ltr'><strong><em>πεντακισχίλιοι,</em></strong></span> <span class='ocrx_word' id='word_1_78' title='bbox 502 1306 618 1385; x_wconf 80' lang='grc' dir='ltr'><strong><em>φιλικά</em></strong></span> <span class='ocrx_word' id='word_1_79' title='bbox 647 1305 686 1370; x_wconf 85' lang='grc' dir='ltr'><strong><em>δέ</em></strong></span> <span class='ocrx_word' id='word_1_80' title='bbox 712 1305 859 1390; x_wconf 80' lang='grc' dir='ltr'><strong><em>τάγματα</em></strong></span> <span class='ocrx_word' id='word_1_81' title='bbox 888 1305 944 1370; x_wconf 81' lang='grc' dir='ltr'><strong><em>καί</em></strong></span> <span class='ocrx_word' id='word_1_82' title='bbox 973 1316 1138 1390; x_wconf 84' lang='grc' dir='ltr'><strong><em>πειρατῶν</em></strong></span> <span class='ocrx_word' id='word_1_83' title='bbox 1157 1329 1183 1367; x_wconf 80' lang='grc' dir='ltr'><strong><em>ιο</em></strong></span> 
     </span>
     <span class='ocr_line' id='line_1_12' title="bbox 118 1410 1138 1497; baseline 0.001 -21"><span class='ocrx_word' id='word_1_84' title='bbox 118 1412 341 1477; x_wconf 82' lang='grc' dir='ltr'><strong><em>παντοδαπῶν</em></strong></span> <span class='ocrx_word' id='word_1_85' title='bbox 359 1422 426 1477; x_wconf 94' lang='grc' dir='ltr'><strong><em>τῶν</em></strong></span> <span class='ocrx_word' id='word_1_86' title='bbox 446 1414 697 1497; x_wconf 86' lang='grc' dir='ltr'><strong><em>συντρεχόντων</em></strong></span> <span class='ocrx_word' id='word_1_87' title='bbox 717 1410 772 1478; x_wconf 80' lang='grc' dir='ltr'><strong><em>ἐπὶ</em></strong></span> <span class='ocrx_word' id='word_1_88' title='bbox 794 1414 874 1488; x_wconf 88' lang='grc' dir='ltr'><strong><em>τοὺς</em></strong></span> <span class='ocrx_word' id='word_1_89' title='bbox 896 1411 1061 1493; x_wconf 79' lang='grc' dir='ltr'><strong><em>πολέμους</em></strong></span> <span class='ocrx_word' id='word_1_90' title='bbox 1083 1413 1138 1477; x_wconf 79' lang='grc' dir='ltr'><strong><em>καί</em></strong></span> 
     </span>
     <span class='ocr_line' id='line_1_13' title="bbox 117 1517 1135 1605; baseline 0.001 -23"><span class='ocrx_word' id='word_1_91' title='bbox 117 1520 175 1595; x_wconf 83' lang='grc' dir='ltr'><strong><em>τάς</em></strong></span> <span class='ocrx_word' id='word_1_92' title='bbox 207 1518 357 1605; x_wconf 82' lang='grc' dir='ltr'><strong><em>ἁρπαγάς</em></strong></span> <span class='ocrx_word' id='word_1_93' title='bbox 388 1519 451 1584; x_wconf 87' lang='grc' dir='ltr'><strong><em>οὐκ</em></strong></span> <span class='ocrx_word' id='word_1_94' title='bbox 482 1517 638 1595; x_wconf 78' lang='grc' dir='ltr'><strong><em>ἐλάττους</em></strong></span> <span class='ocrx_word' id='word_1_95' title='bbox 669 1528 737 1584; x_wconf 90' lang='grc' dir='ltr'><strong><em>τῶν</em></strong></span> <span class='ocrx_word' id='word_1_96' title='bbox 764 1518 1025 1603; x_wconf 85' lang='grc' dir='ltr'><strong><em>ὀκτακισχιλίων,</em></strong></span> <span class='ocrx_word' id='word_1_97' title='bbox 1057 1519 1135 1583; x_wconf 83' lang='grc' dir='ltr'><strong><em>ὥστ’</em></strong></span> 
     </span>
     <span class='ocr_line' id='line_1_14' title="bbox 118 1618 1138 1711; baseline -0.001 -21"><span class='ocrx_word' id='word_1_98' title='bbox 118 1618 305 1702; x_wconf 79' lang='grc' dir='ltr'><strong><em>εἶναιτοὺς</em></strong></span> <span class='ocrx_word' id='word_1_99' title='bbox 328 1625 475 1702; x_wconf 77' lang='grc' dir='ltr'><strong><em>ἅπαντας</em></strong></span> <span class='ocrx_word' id='word_1_100' title='bbox 499 1627 617 1704; x_wconf 80' lang='grc' dir='ltr'><strong><em>πεζοὺς</em></strong></span> <span class='ocrx_word' id='word_1_101' title='bbox 640 1626 716 1711; x_wconf 77' lang='grc' dir='ltr'><strong><em>περὶ</em></strong></span> <span class='ocrx_word' id='word_1_102' title='bbox 737 1628 817 1702; x_wconf 87' lang='grc' dir='ltr'><strong><em>τοὺς</em></strong></span> <span class='ocrx_word' id='word_1_103' title='bbox 839 1627 1138 1709; x_wconf 88' lang='grc' dir='ltr'><strong><em>πεντακισμυρίους</em></strong></span> 
     </span>
    </p>

    <p class='ocr_par' dir='ltr' id='par_1_4' title="bbox 64 1729 1183 2137">
     <span class='ocr_line' id='line_1_15' title="bbox 64 1729 1138 1816; baseline 0.001 -20"><span class='ocrx_word' id='word_1_104' title='bbox 64 1731 98 1796; x_wconf 80' lang='grc' dir='ltr'><strong><em>ὀ</em></strong></span> <span class='ocrx_word' id='word_1_105' title='bbox 118 1729 365 1816; x_wconf 82' lang='grc' dir='ltr'><strong><em>ἑξακισχιλίους.</em></strong></span> <span class='ocrx_word' id='word_1_106' title='bbox 419 1730 694 1816; x_wconf 75' lang='grc' dir='ltr'><strong><em>ἀντικαθημένων</em></strong></span> <span class='ocrx_word' id='word_1_107' title='bbox 731 1732 769 1797; x_wconf 89' lang='grc' dir='ltr'><strong><em>δέ</em></strong></span> <span class='ocrx_word' id='word_1_108' title='bbox 803 1742 871 1797; x_wconf 90' lang='grc' dir='ltr'><strong><em>τῶν</em></strong></span> <span class='ocrx_word' id='word_1_109' title='bbox 905 1729 1138 1816; x_wconf 86' lang='grc' dir='ltr'><strong><em>στρατοπέδων</em></strong></span> 
     </span>
     <span class='ocr_line' id='line_1_16' title="bbox 118 1816 1183 1924; baseline -0.004 -20"><span class='ocrx_word' id='word_1_110' title='bbox 118 1837 273 1924; x_wconf 83' lang='grc' dir='ltr'><strong><em>ἀλληλοις</em></strong></span> <span class='ocrx_word' id='word_1_111' title='bbox 308 1837 364 1905; x_wconf 78' lang='grc' dir='ltr'><strong><em>ἐπὶ</em></strong></span> <span class='ocrx_word' id='word_1_112' title='bbox 399 1839 523 1916; x_wconf 78' lang='grc' dir='ltr'><strong><em>πολλάς</em></strong></span> <span class='ocrx_word' id='word_1_113' title='bbox 557 1816 691 1924; x_wconf 67' lang='grc' dir='ltr'><strong><em>ἡμέρας</em></strong></span> <span class='ocrx_word' id='word_1_114' title='bbox 716 1836 858 1915; x_wconf 79' lang='grc' dir='ltr'><strong><em>ἐκτάξεις</em></strong></span> <span class='ocrx_word' id='word_1_115' title='bbox 891 1837 953 1920; x_wconf 84' lang='grc' dir='ltr'><strong><em>μέν</em></strong></span> <span class='ocrx_word' id='word_1_116' title='bbox 985 1836 1137 1923; x_wconf 92' lang='grc' dir='ltr'><strong><em>ἐγίνοντο</em></strong></span> <span class='ocrx_word' id='word_1_117' title='bbox 1158 1859 1183 1899; x_wconf 82' lang='grc' dir='ltr'><strong><em>ιε</em></strong></span> 
     </span>
     <span class='ocr_line' id='line_1_17' title="bbox 118 1943 1139 2031; baseline 0.001 -22"><span class='ocrx_word' id='word_1_118' title='bbox 118 1943 195 2031; x_wconf 89' lang='grc' dir='ltr'><strong><em>παρ’</em></strong></span> <span class='ocrx_word' id='word_1_119' title='bbox 214 1944 427 2031; x_wconf 89' lang='grc' dir='ltr'><strong><em>ἀμφοτέροις,</em></strong></span> <span class='ocrx_word' id='word_1_120' title='bbox 448 1946 495 2023; x_wconf 85' lang='grc' dir='ltr'><strong><em>είς</em></strong></span> <span class='ocrx_word' id='word_1_121' title='bbox 513 1945 622 2031; x_wconf 91' lang='grc' dir='ltr'><strong><em>μάχην</em></strong></span> <span class='ocrx_word' id='word_1_122' title='bbox 640 1945 678 2011; x_wconf 86' lang='grc' dir='ltr'><strong><em>δέ</em></strong></span> <span class='ocrx_word' id='word_1_123' title='bbox 697 1943 871 2030; x_wconf 83' lang='grc' dir='ltr'><strong><em>οὐδέτερος</em></strong></span> <span class='ocrx_word' id='word_1_124' title='bbox 889 1943 1139 2029; x_wconf 89' lang='grc' dir='ltr'><strong><em>συγκατέβαινε,</em></strong></span> 
     </span>
     <span class='ocr_line' id='line_1_18' title="bbox 117 2049 1139 2137; baseline -0.001 -20"><span class='ocrx_word' id='word_1_125' title='bbox 117 2052 313 2137; x_wconf 77' lang='grc' dir='ltr'><strong><em>καραδοκῶν</em></strong></span> <span class='ocrx_word' id='word_1_126' title='bbox 344 2051 406 2136; x_wconf 80' lang='grc' dir='ltr'><strong><em>την</em></strong></span> <span class='ocrx_word' id='word_1_127' title='bbox 438 2049 492 2117; x_wconf 80' lang='grc' dir='ltr'><strong><em>ἐπί</em></strong></span> <span class='ocrx_word' id='word_1_128' title='bbox 524 2059 583 2137; x_wconf 79' lang='grc' dir='ltr'><strong><em>τη”ς</em></strong></span> <span class='ocrx_word' id='word_1_129' title='bbox 613 2054 722 2129; x_wconf 83' lang='grc' dir='ltr'><strong><em>Ἀσίας</em></strong></span> <span class='ocrx_word' id='word_1_130' title='bbox 758 2050 920 2137; x_wconf 81' lang='grc' dir='ltr'><strong><em>ἐσομένην</em></strong></span> <span class='ocrx_word' id='word_1_131' title='bbox 951 2062 1019 2117; x_wconf 84' lang='grc' dir='ltr'><strong><em>τῶν</em></strong></span> <span class='ocrx_word' id='word_1_132' title='bbox 1051 2051 1139 2117; x_wconf 83' lang='grc' dir='ltr'><strong><em>ὅλων</em></strong></span> 
     </span>
    </p>

    <p class='ocr_par' dir='ltr' id='par_1_5' title="bbox 84 2157 1184 2670">
     <span class='ocr_line' id='line_1_19' title="bbox 84 2157 1139 2245; baseline -0.002 -21"><span class='ocrx_word' id='word_1_133' title='bbox 84 2161 237 2244; x_wconf 82' lang='grc' dir='ltr'><strong><em>εκρίσιν.</em></strong></span> <span class='ocrx_word' id='word_1_134' title='bbox 283 2161 474 2242; x_wconf 78' lang='grc' dir='ltr'><strong><em>Δημήτριος</em></strong></span> <span class='ocrx_word' id='word_1_135' title='bbox 502 2158 554 2243; x_wconf 88' lang='grc' dir='ltr'><strong><em>δέ,</em></strong></span> <span class='ocrx_word' id='word_1_136' title='bbox 583 2169 651 2225; x_wconf 89' lang='grc' dir='ltr'><strong><em>τῶν</em></strong></span> <span class='ocrx_word' id='word_1_137' title='bbox 677 2161 830 2245; x_wconf 89' lang='grc' dir='ltr'><strong><em>Φεραίων</em></strong></span> <span class='ocrx_word' id='word_1_138' title='bbox 852 2157 1139 2240; x_wconf 89' lang='grc' dir='ltr'><strong><em>ἐπικαλεσαμένων</em></strong></span> 
     </span>
     <span class='ocr_line' id='line_1_20' title="bbox 118 2264 1139 2351; baseline -0.002 -21"><span class='ocrx_word' id='word_1_139' title='bbox 118 2265 232 2348; x_wconf 82' lang='grc' dir='ltr'><strong><em>αὐτόν,</em></strong></span> <span class='ocrx_word' id='word_1_140' title='bbox 264 2265 495 2349; x_wconf 85' lang='grc' dir='ltr'><strong><em>παρεισπεσὼν</em></strong></span> <span class='ocrx_word' id='word_1_141' title='bbox 525 2267 573 2342; x_wconf 86' lang='grc' dir='ltr'><strong><em>είς</em></strong></span> <span class='ocrx_word' id='word_1_142' title='bbox 600 2267 663 2349; x_wconf 81' lang='grc' dir='ltr'><strong><em>την</em></strong></span> <span class='ocrx_word' id='word_1_143' title='bbox 692 2268 792 2331; x_wconf 89' lang='grc' dir='ltr'><strong><em>πόλιν</em></strong></span> <span class='ocrx_word' id='word_1_144' title='bbox 820 2267 901 2348; x_wconf 86' lang='grc' dir='ltr'><strong><em>μετά</em></strong></span> <span class='ocrx_word' id='word_1_145' title='bbox 930 2264 1051 2351; x_wconf 88' lang='grc' dir='ltr'><strong><em>μέρους</em></strong></span> <span class='ocrx_word' id='word_1_146' title='bbox 1080 2271 1139 2349; x_wconf 81' lang='grc' dir='ltr'><strong><em>τῆς</em></strong></span> 
     </span>
     <span class='ocr_line' id='line_1_21' title="bbox 118 2369 1184 2458; baseline -0.003 -23"><span class='ocrx_word' id='word_1_147' title='bbox 118 2371 290 2455; x_wconf 89' lang='grc' dir='ltr'><strong><em>δυνάμεως</em></strong></span> <span class='ocrx_word' id='word_1_148' title='bbox 316 2373 378 2455; x_wconf 78' lang='grc' dir='ltr'><strong><em>την</em></strong></span> <span class='ocrx_word' id='word_1_149' title='bbox 400 2371 462 2455; x_wconf 86' lang='grc' dir='ltr'><strong><em>μέν</em></strong></span> <span class='ocrx_word' id='word_1_150' title='bbox 485 2373 591 2457; x_wconf 83' lang='grc' dir='ltr'><strong><em>ἀκραν</em></strong></span> <span class='ocrx_word' id='word_1_151' title='bbox 616 2369 877 2458; x_wconf 76' lang='grc' dir='ltr'><strong><em>ἐκπολιορκήσας</em></strong></span> <span class='ocrx_word' id='word_1_152' title='bbox 903 2371 1140 2448; x_wconf 84' lang='grc' dir='ltr'><strong><em>ὑποσπόνδους</em></strong></span> <span class='ocrx_word' id='word_1_153' title='bbox 1157 2393 1184 2431; x_wconf 84' lang='grc' dir='ltr'><strong><em>εο</em></strong></span> 
     </span>
     <span class='ocr_line' id='line_1_22' title="bbox 119 2477 1139 2564; baseline 0 -21"><span class='ocrx_word' id='word_1_154' title='bbox 119 2478 226 2562; x_wconf 80' lang='grc' dir='ltr'><strong><em>ἀφῆκε</em></strong></span> <span class='ocrx_word' id='word_1_155' title='bbox 262 2480 340 2555; x_wconf 83' lang='grc' dir='ltr'><strong><em>τοὺς</em></strong></span> <span class='ocrx_word' id='word_1_156' title='bbox 377 2480 466 2564; x_wconf 86' lang='grc' dir='ltr'><strong><em>παρά</em></strong></span> <span class='ocrx_word' id='word_1_157' title='bbox 502 2478 706 2563; x_wconf 88' lang='grc' dir='ltr'><strong><em>Κασάνδρου</em></strong></span> <span class='ocrx_word' id='word_1_158' title='bbox 744 2479 959 2564; x_wconf 84' lang='grc' dir='ltr'><strong><em>στρατιώτας,</em></strong></span> <span class='ocrx_word' id='word_1_159' title='bbox 995 2487 1066 2554; x_wconf 89' lang='grc' dir='ltr'><strong><em>τοίς</em></strong></span> <span class='ocrx_word' id='word_1_160' title='bbox 1102 2477 1139 2543; x_wconf 81' lang='grc' dir='ltr'><strong><em>δέ</em></strong></span> 
     </span>
     <span class='ocr_line' id='line_1_23' title="bbox 122 2583 875 2670; baseline 0.003 -22"><span class='ocrx_word' id='word_1_161' title='bbox 122 2586 276 2669; x_wconf 89' lang='grc' dir='ltr'><strong><em>Φεραίοις</em></strong></span> <span class='ocrx_word' id='word_1_162' title='bbox 297 2586 359 2669; x_wconf 80' lang='grc' dir='ltr'><strong><em>την</em></strong></span> <span class='ocrx_word' id='word_1_163' title='bbox 382 2583 580 2670; x_wconf 79' lang='grc' dir='ltr'><strong><em>ἐλευθερίαν</em></strong></span> <span class='ocrx_word' id='word_1_164' title='bbox 602 2583 875 2670; x_wconf 87' lang='grc' dir='ltr'><strong><em>ἀποκατέστησεν.</em></strong></span> 
     </span>
    </p>

    <p class='ocr_par' dir='ltr' id='par_1_6' title="bbox 41 2687 1183 3097">
     <span class='ocr_line' id='line_1_24' title="bbox 41 2687 1140 2777; baseline 0.002 -23"><span class='ocrx_word' id='word_1_165' title='bbox 41 2690 102 2755; x_wconf 93' lang='grc'><strong><em>111</em></strong></span> <span class='ocrx_word' id='word_1_166' title='bbox 186 2687 245 2756; x_wconf 86' lang='grc' dir='ltr'><strong><em>Ἐν</em></strong></span> <span class='ocrx_word' id='word_1_167' title='bbox 276 2690 406 2768; x_wconf 89' lang='grc' dir='ltr'><strong><em>τούτοις</em></strong></span> <span class='ocrx_word' id='word_1_168' title='bbox 437 2691 468 2755; x_wconf 87' lang='grc' dir='ltr'><strong><em>δ’</em></strong></span> <span class='ocrx_word' id='word_1_169' title='bbox 494 2692 603 2758; x_wconf 84' lang='grc' dir='ltr'><strong><em>όντων</em></strong></span> <span class='ocrx_word' id='word_1_170' title='bbox 633 2703 702 2758; x_wconf 91' lang='grc' dir='ltr'><strong><em>τῶν</em></strong></span> <span class='ocrx_word' id='word_1_171' title='bbox 733 2692 810 2777; x_wconf 79' lang='grc' dir='ltr'><strong><em>περὶ</em></strong></span> <span class='ocrx_word' id='word_1_172' title='bbox 840 2693 1027 2756; x_wconf 82' lang='grc' dir='ltr'><strong><em>Θεσσαλίαν</em></strong></span> <span class='ocrx_word' id='word_1_173' title='bbox 1056 2687 1140 2775; x_wconf 75' lang='grc' dir='ltr'><strong><em>ἧκον</em></strong></span> 
     </span>
     <span class='ocr_line' id='line_1_25' title="bbox 119 2793 1139 2884; baseline 0.002 -22"><span class='ocrx_word' id='word_1_174' title='bbox 119 2800 202 2884; x_wconf 88' lang='grc' dir='ltr'><strong><em>πρὸς</em></strong></span> <span class='ocrx_word' id='word_1_175' title='bbox 233 2799 293 2863; x_wconf 92' lang='grc' dir='ltr'><strong><em>τὸν</em></strong></span> <span class='ocrx_word' id='word_1_176' title='bbox 322 2801 516 2883; x_wconf 78' lang='grc' dir='ltr'><strong><em>Δημήτριον</em></strong></span> <span class='ocrx_word' id='word_1_177' title='bbox 546 2799 579 2864; x_wconf 81' lang='grc' dir='ltr'><strong><em>οἱ</em></strong></span> <span class='ocrx_word' id='word_1_178' title='bbox 610 2797 820 2884; x_wconf 88' lang='grc' dir='ltr'><strong><em>πεμφθέντες</em></strong></span> <span class='ocrx_word' id='word_1_179' title='bbox 851 2797 908 2862; x_wconf 83' lang='grc' dir='ltr'><strong><em>ὑπ’</em></strong></span> <span class='ocrx_word' id='word_1_180' title='bbox 933 2793 1139 2883; x_wconf 77' lang='grc' dir='ltr'><strong><em>Ἀντιγόνου,</em></strong></span> 
     </span>
     <span class='ocr_line' id='line_1_26' title="bbox 119 2903 1183 2990; baseline 0.001 -21"><span class='ocrx_word' id='word_1_181' title='bbox 119 2905 363 2990; x_wconf 86' lang='grc' dir='ltr'><strong><em>διασαφοῦντες</em></strong></span> <span class='ocrx_word' id='word_1_182' title='bbox 385 2906 443 2981; x_wconf 82' lang='grc' dir='ltr'><strong><em>τάς</em></strong></span> <span class='ocrx_word' id='word_1_183' title='bbox 465 2906 554 2990; x_wconf 87' lang='grc' dir='ltr'><strong><em>παρά</em></strong></span> <span class='ocrx_word' id='word_1_184' title='bbox 576 2914 637 2971; x_wconf 88' lang='grc' dir='ltr'><strong><em>τοῦ</em></strong></span> <span class='ocrx_word' id='word_1_185' title='bbox 660 2907 784 2990; x_wconf 84' lang='grc' dir='ltr'><strong><em>πατρὸς</em></strong></span> <span class='ocrx_word' id='word_1_186' title='bbox 806 2903 943 2982; x_wconf 82' lang='grc' dir='ltr'><strong><em>ἐντολάς</em></strong></span> <span class='ocrx_word' id='word_1_187' title='bbox 961 2905 1016 2970; x_wconf 82' lang='grc' dir='ltr'><strong><em>καὶ</em></strong></span> <span class='ocrx_word' id='word_1_188' title='bbox 1034 2927 1140 2990; x_wconf 87' lang='grc' dir='ltr'><strong><em>παρα·</em></strong></span> <span class='ocrx_word' id='word_1_189' title='bbox 1158 2924 1183 2964; x_wconf 73' lang='lat'><strong><em>25</em></strong></span> 
     </span>
     <span class='ocr_line' id='line_1_27' title="bbox 116 3012 1140 3097; baseline 0 -21"><span class='ocrx_word' id='word_1_190' title='bbox 116 3012 329 3095; x_wconf 89' lang='grc' dir='ltr'><strong><em>κελευόμενοι</em></strong></span> <span class='ocrx_word' id='word_1_191' title='bbox 351 3014 414 3097; x_wconf 80' lang='grc' dir='ltr'><strong><em>την</em></strong></span> <span class='ocrx_word' id='word_1_192' title='bbox 432 3012 588 3096; x_wconf 90' lang='grc' dir='ltr'><strong><em>ταχίστην</em></strong></span> <span class='ocrx_word' id='word_1_193' title='bbox 607 3012 811 3096; x_wconf 80' lang='grc' dir='ltr'><strong><em>διαβιβάζειν</em></strong></span> <span class='ocrx_word' id='word_1_194' title='bbox 830 3014 889 3089; x_wconf 88' lang='grc' dir='ltr'><strong><em>τδις</em></strong></span> <span class='ocrx_word' id='word_1_195' title='bbox 911 3012 1070 3095; x_wconf 88' lang='grc' dir='ltr'><strong><em>δυνάμεις</em></strong></span> <span class='ocrx_word' id='word_1_196' title='bbox 1092 3012 1140 3088; x_wconf 90' lang='grc' dir='ltr'><strong><em>είς</em></strong></span> 
     </span>
    </p>

    <p class='ocr_par' dir='ltr' id='par_1_7' title="bbox 84 3116 1139 3314">
     <span class='ocr_line' id='line_1_28' title="bbox 84 3116 1138 3205; baseline -0.001 -23"><span class='ocrx_word' id='word_1_197' title='bbox 84 3116 180 3202; x_wconf 78' lang='grc' dir='ltr'><strong><em>ετὴν</em></strong></span> <span class='ocrx_word' id='word_1_198' title='bbox 199 3116 321 3185; x_wconf 84' lang='grc' dir='ltr'><strong><em>Ἀσίαν</em></strong></span> <span class='ocrx_word' id='word_1_199' title='bbox 363 3119 479 3203; x_wconf 89' lang='grc' dir='ltr'><strong><em>διόπερ</em></strong></span> <span class='ocrx_word' id='word_1_200' title='bbox 503 3117 686 3201; x_wconf 83' lang='grc' dir='ltr'><strong><em>ἀναγκαίου</em></strong></span> <span class='ocrx_word' id='word_1_201' title='bbox 707 3119 914 3203; x_wconf 74' lang='grc' dir='ltr'><strong><em>ἡγησάμενος</em></strong></span> <span class='ocrx_word' id='word_1_202' title='bbox 936 3118 1097 3205; x_wconf 88' lang='grc' dir='ltr'><strong><em>ύπάρχειν</em></strong></span> <span class='ocrx_word' id='word_1_203' title='bbox 1120 3116 1138 3181; x_wconf 84' lang='grc' dir='ltr'><strong><em>δ</em></strong></span> 
     </span>
     <span class='ocr_line' id='line_1_29' title="bbox 119 3224 1139 3314; baseline -0.001 -25"><span class='ocrx_word' id='word_1_204' title='bbox 119 3228 276 3307; x_wconf 87' lang='grc' dir='ltr'><strong><em>βασιλεὺς</em></strong></span> <span class='ocrx_word' id='word_1_205' title='bbox 293 3227 331 3291; x_wconf 87' lang='grc' dir='ltr'><strong><em>τὸ</em></strong></span> <span class='ocrx_word' id='word_1_206' title='bbox 349 3228 531 3292; x_wconf 87' lang='grc' dir='ltr'><strong><em>πείθεσθαι</em></strong></span> <span class='ocrx_word' id='word_1_207' title='bbox 549 3234 594 3314; x_wconf 75' lang='grc' dir='ltr'><strong><em>τῷ</em></strong></span> <span class='ocrx_word' id='word_1_208' title='bbox 617 3228 728 3311; x_wconf 88' lang='grc' dir='ltr'><strong><em>πατρί,</em></strong></span> <span class='ocrx_word' id='word_1_209' title='bbox 751 3226 834 3310; x_wconf 86' lang='grc' dir='ltr'><strong><em>πρὸς</em></strong></span> <span class='ocrx_word' id='word_1_210' title='bbox 856 3226 919 3308; x_wconf 79' lang='grc' dir='ltr'><strong><em>μὲν</em></strong></span> <span class='ocrx_word' id='word_1_211' title='bbox 937 3224 1139 3307; x_wconf 87' lang='grc' dir='ltr'><strong><em>Κάσανδρον</em></strong></span> 
     </span>
    </p>

    <p class='ocr_par' dir='ltr' id='par_1_8' title="bbox 185 3379 1139 3453">
     <span class='ocr_line' id='line_1_30' title="bbox 185 3379 1139 3453; baseline -0.001 -19"><span class='ocrx_word' id='word_1_212' title='bbox 185 3379 364 3453; x_wconf 79' lang='grc' dir='ltr'><strong><em>ὖέννακισχ,</em></strong></span> <span class='ocrx_word' id='word_1_213' title='bbox 384 3382 459 3437; x_wconf 83' lang='lat' dir='ltr'><strong>libri.</strong></span> <span class='ocrx_word' id='word_1_214' title='bbox 513 3381 608 3445; x_wconf 79' lang='grc' dir='ltr'><strong><em>ἱππεῖς</em></strong></span> <span class='ocrx_word' id='word_1_215' title='bbox 626 3382 657 3437; x_wconf 83' lang='grc' dir='ltr'><strong><em>δέ</em></strong></span> <span class='ocrx_word' id='word_1_216' title='bbox 677 3380 828 3453; x_wconf 86' lang='grc' dir='ltr'><strong><em>δισχιλίους</em></strong></span> <span class='ocrx_word' id='word_1_217' title='bbox 847 3381 978 3450; x_wconf 70' lang='grc' dir='ltr'><strong><em>οωΡιΧ,</em></strong></span> <span class='ocrx_word' id='word_1_218' title='bbox 997 3381 1032 3435; x_wconf 84' lang='grc' dir='ltr'><strong><em>δε</em></strong></span> <span class='ocrx_word' id='word_1_219' title='bbox 1051 3382 1139 3434; x_wconf 90' lang='lat' dir='ltr'><strong>omni-</strong></span> 
     </span>
    </p>

    <p class='ocr_par' dir='ltr' id='par_1_9' title="bbox 95 3446 1139 3522">
     <span class='ocr_line' id='line_1_31' title="bbox 95 3446 1139 3522; baseline 0.007 -23"><span class='ocrx_word' id='word_1_220' title='bbox 95 3446 153 3500; x_wconf 77' lang='grc' dir='ltr'><strong><em>ύιιε</em></strong></span> <span class='ocrx_word' id='word_1_221' title='bbox 167 3453 304 3507; x_wconf 69' lang='lat' dir='ltr'><strong><em>numetis</em></strong></span> <span class='ocrx_word' id='word_1_222' title='bbox 325 3455 447 3511; x_wconf 74' lang='lat' dir='ltr'><strong><em>aliunde</em></strong></span> <span class='ocrx_word' id='word_1_223' title='bbox 471 3472 529 3512; x_wconf 87' lang='lat' dir='ltr'><strong><em>non</em></strong></span> <span class='ocrx_word' id='word_1_224' title='bbox 551 3456 673 3512; x_wconf 69' lang='grc' dir='ltr'><strong><em>οοιιεδεε.</em></strong></span> <span class='ocrx_word' id='word_1_225' title='bbox 744 3455 764 3508; x_wconf 75' lang='grc' dir='ltr'><strong><em>δ</em></strong></span> <span class='ocrx_word' id='word_1_226' title='bbox 787 3454 1015 3522; x_wconf 83' lang='grc' dir='ltr'><strong><em>συνηκολούθουν</em></strong></span> <span class='ocrx_word' id='word_1_227' title='bbox 1038 3469 1092 3507; x_wconf 85' lang='lat' dir='ltr'><strong><em>om.</em></strong></span> <span class='ocrx_word' id='word_1_228' title='bbox 1108 3453 1139 3506; x_wconf 82' lang='lat' dir='ltr'><strong><em>F.</em></strong></span> 
     </span>
    </p>

    <p class='ocr_par' dir='ltr' id='par_1_10' title="bbox 75 3513 1151 3598">
     <span class='ocr_line' id='line_1_32' title="bbox 75 3513 1151 3598; baseline 0.011 -32"><span class='ocrx_word' id='word_1_229' title='bbox 75 3513 187 3570; x_wconf 71' lang='lat'><em>1121]</em></span> <span class='ocrx_word' id='word_1_230' title='bbox 219 3524 274 3577; x_wconf 82' lang='grc' dir='ltr'><strong><em>καὶ</em></strong></span> <span class='ocrx_word' id='word_1_231' title='bbox 307 3538 462 3598; x_wconf 80' lang='grc' dir='ltr'><strong><em>πειρατῶν</em></strong></span> <span class='ocrx_word' id='word_1_232' title='bbox 494 3527 699 3588; x_wconf 80' lang='grc' dir='ltr'><strong><em>παντοδαποί·</em></strong></span> <span class='ocrx_word' id='word_1_233' title='bbox 732 3536 789 3583; x_wconf 89' lang='grc' dir='ltr'><strong><em>τῶν</em></strong></span> <span class='ocrx_word' id='word_1_234' title='bbox 823 3525 855 3581; x_wconf 71' lang='grc' dir='ltr'><strong><em>δε</em></strong></span> <span class='ocrx_word' id='word_1_235' title='bbox 888 3520 1089 3591; x_wconf 73' lang='grc' dir='ltr'><strong><em>συντρεχόντων</em></strong></span> <span class='ocrx_word' id='word_1_236' title='bbox 1111 3523 1151 3578; x_wconf 45' lang='lat' dir='ltr'><strong><em>w.</em></strong></span> 
     </span>
    </p>
   </div>
   <div class='ocr_carea' id='block_1_3' title="bbox 40 3577 1166 3750">
    <p class='ocr_par' dir='ltr' id='par_1_11' title="bbox 40 3577 1166 3750">
     <span class='ocr_line' id='line_1_33' title="bbox 59 3577 1166 3671; baseline -0.026 -2"><span class='ocrx_word' id='word_1_237' title='bbox 59 3577 104 3631; x_wconf 80' lang='lat'><strong><em>¹¹</em></strong></span> <span class='ocrx_word' id='word_1_238' title='bbox 118 3589 290 3667; x_wconf 59' lang='grc' dir='ltr'><strong><em>ἀθλνίονς</em></strong></span> <span class='ocrx_word' id='word_1_239' title='bbox 305 3597 397 3671; x_wconf 62' lang='grc' dir='ltr'><strong><em>ιιιιες</em></strong></span> <span class='ocrx_word' id='word_1_240' title='bbox 420 3621 497 3662; x_wconf 74' lang='lat' dir='ltr'><strong>corr.</strong></span> <span class='ocrx_word' id='word_1_241' title='bbox 520 3605 615 3662; x_wconf 64' lang='lat' dir='ltr'><strong>Dina.</strong></span> <span class='ocrx_word' id='word_1_242' title='bbox 680 3600 723 3659; x_wconf 78' lang='grc' dir='ltr'><strong><em>ιε</em></strong></span> <span class='ocrx_word' id='word_1_243' title='bbox 741 3599 844 3666; x_wconf 69' lang='grc' dir='ltr'><strong><em>πεζοες</em></strong></span> <span class='ocrx_word' id='word_1_244' title='bbox 864 3594 914 3666; x_wconf 64' lang='grc' dir='ltr'><strong><em>με</em></strong></span> <span class='ocrx_word' id='word_1_245' title='bbox 932 3591 1000 3658; x_wconf 61' lang='grc' dir='ltr'><strong><em>περ</em></strong></span> <span class='ocrx_word' id='word_1_246' title='bbox 1016 3605 1166 3644; x_wconf 59' lang='grc' dir='ltr'><strong><em>ποτιτε-</em></strong></span> 
     </span>
     <span class='ocr_line' id='line_1_34' title="bbox 40 3659 1110 3750; baseline 0.007 -45"><span class='ocrx_word' id='word_1_247' title='bbox 40 3661 183 3718; x_wconf 69' lang='grc' dir='ltr'><strong><em>μνριονε·</em></strong></span> <span class='ocrx_word' id='word_1_248' title='bbox 197 3659 234 3716; x_wconf 79' lang='lat' dir='ltr'><strong><em>F.</em></strong></span> <span class='ocrx_word' id='word_1_249' title='bbox 320 3673 366 3731; x_wconf 81' lang='lat'><strong><em>17</em></strong></span> <span class='ocrx_word' id='word_1_250' title='bbox 383 3681 649 3750; x_wconf 74' lang='grc' dir='ltr'><strong><em>καραδοκοῦντες</em></strong></span> <span class='ocrx_word' id='word_1_251' title='bbox 664 3674 702 3734; x_wconf 66' lang='lat' dir='ltr'><strong><em>F.</em></strong></span> <span class='ocrx_word' id='word_1_252' title='bbox 779 3670 818 3727; x_wconf 65' lang='lat'><strong><em>22</em></strong></span> <span class='ocrx_word' id='word_1_253' title='bbox 840 3664 983 3734; x_wconf 73' lang='grc' dir='ltr'><strong><em>θπύιοχειν</em></strong></span> <span class='ocrx_word' id='word_1_254' title='bbox 1003 3659 1110 3714; x_wconf 59' lang='lat' dir='ltr'><strong><em>‹³11OE</em></strong></span> 
     </span>
    </p>
   </div>
   <div class='ocr_carea' id='block_1_4' title="bbox 0 0 1235 3848">
    <p class='ocr_par' dir='ltr' id='par_1_12' title="bbox 0 0 1235 3848">
     <span class='ocr_line' id='line_1_35' title="bbox 0 0 1235 3848; baseline 0 0"><span class='ocrx_word' id='word_1_255' title='bbox 0 0 1235 3848; x_wconf 95' lang='lat' dir='ltr'><strong><em> </em></strong></span> 
     </span>
    </p>
   </div>
  </div>
 </body>
</html>
