2460 3848
136 202 201 268 194
501 194 787 254 Diodor.XX15.16.

134 345 260 428 πέμψαι
291 347 465 429 βοήθειαν,
496 343 553 409 καί
584 344 625 408 τδ
657 341 831 428 ληφθέντα
862 343 1058 428 χαλκώματα
1089 352 1158 408 τῶν

131 450 373 536 Ἀγαθοκλέους
395 459 482 517 νεών
505 449 701 516 ἀπέστειλαν
724 450 823 536 αύτῷ.
867 449 885 515 ὁ
909 449 947 516 δὲ
969 459 1039 527 τοῖς
1060 472 1158 515 κατα-

134 560 297 625 πλεύσασι
325 558 586 644 παρεκελεύσατο
613 565 742 622 σιωπᾶν
764 556 826 640 μέν
848 557 911 641 τὴν
933 555 1159 641 γεγενημένην

134 663 247 750 ἧτταν,
279 665 468 739 διαδιδόναι
498 663 536 730 δέ
566 665 669 748 λόγον
698 665 746 741 εἰς
775 665 854 741 τοὺς
883 664 1084 750 στρατιώτας
1114 663 1159 740 ώς

132 769 338 856 Ἀγαθοκλῆς
361 772 468 857 ἀρδην
492 770 640 837 ἀπώλεσε
663 770 799 849 καὶτὰς
822 779 905 849 ναῦς
931 770 988 836 καὶ
1014 772 1077 855 την
1099 770 1159 835 δύ-
1191 789 1204 831 ι

100 898 115 946 2
135 903 236 963 ναμιν
259 879 399 944 ἅπασαν.
440 879 540 956 αὐτὸς
563 877 601 944 δέ
623 877 753 962 πέμψας
774 879 868 955 τινας
890 888 959 945 τῶν
981 879 1159 963 παρόντων

136 984 172 1051 ἐκ
195 986 414 1071 Καρχηδόνος
440 986 488 1063 είς
514 986 573 1063 τὰς
600 985 844 1070 Συρακούσσας
870 986 1075 1071 πρεσβευτὰς
1102 984 1159 1050 καί

135 1093 176 1158 τά
206 1092 402 1177 χαλκώματα
431 1093 694 1169 συναποστείλας
722 1090 818 1176 ύξίου
845 1091 1067 1177 παραδιδόναι
1096 1092 1159 1175 τὴν

135 1201 247 1264 πόλιν·
279 1201 342 1284 τὴν
373 1198 435 1283 μέν
466 1200 530 1284 γάρ
563 1199 708 1283 δύναμιν
740 1209 808 1266 τῶν
837 1200 1059 1285 Συρακοσίων
1090 1196 1157 1263 ὑπὸ

135 1307 379 1392 Καρχηδονίων
408 1307 673 1392 κατακεκόφθαι,
703 1308 762 1384 τάς
794 1306 833 1373 δέ
863 1315 947 1384 ναῦς
978 1303 1159 1390 έμπεπυρί-
1178 1327 1205 1366 ιο

135 1420 231 1479 σθαι·
267 1422 338 1490 τοῖς
370 1410 401 1478 δ’
428 1412 627 1478 ἀπιστοῦσιν
659 1411 829 1491 ἀπόδειξιν
860 1412 1065 1498 παρέχεσθαι
1096 1413 1159 1496 τὴν

100 1538 116 1586 3
135 1530 203 1586 τῶν
226 1518 377 1603 ἐμβόλων
399 1521 550 1604 κομιδήν.
586 1528 654 1586 τῶν
677 1517 708 1586 δ’
722 1519 760 1586 έν
781 1529 822 1607 τῇ
841 1522 936 1586 πόλει
954 1518 1158 1604 πυθομένων

134 1628 197 1711 τὴν
227 1626 303 1711 περί
332 1628 393 1691 τὸν
419 1611 625 1711 Ἀγαθοκλέα
653 1627 947 1714 προσηγγελμένην
979 1628 1159 1712 συμφορὰν

136 1734 170 1798 οί
192 1732 312 1798 πολλοί
334 1731 396 1815 μέν
419 1731 629 1819 ἐπίστευσαν,
658 1736 690 1800 οί
717 1736 955 1821 προεστηκότες
982 1733 1020 1800 δέ
1047 1733 1159 1799 διστά·

136 1841 246 1917 ζοντες
265 1840 463 1924 διετήρησαν
481 1840 543 1924 μέν
561 1843 659 1928 χάριν
676 1850 737 1908 τοῦ
756 1844 800 1927 μη
819 1841 980 1927 γενέσθαι
999 1843 1159 1927 ταραχήν,
1178 1860 1204 1900 1⁵

135 1949 215 2023 τοῦς
241 1948 447 2032 πρεσβευτὰς
474 1947 511 2014 δέ
538 1948 660 2034 ταχέως
688 1947 883 2032 ἐξέπεμψαν,
913 1950 993 2025 τοὺς
1025 1947 1063 2014 δέ
1089 1959 1159 2013 τῶν

136 2052 300 2137 φυγάδων
330 2064 502 2138 συγγενεῖς
532 2056 588 2121 καί
617 2058 737 2141 φίλους
764 2056 820 2121 καί
846 2065 915 2121 τών
942 2055 1052 2120 ἀλλων
1079 2057 1159 2132 τούς

136 2161 416 2245 δυσχεραίνοντας
438 2171 509 2239 τοῖς
530 2160 588 2227 ὑπ’
606 2163 718 2228 αὐτῶν
740 2161 978 2249 πραττομένοις
1000 2159 1158 2245 ἐξέβαλον

135 2265 172 2332 ἐκ
204 2276 261 2351 τῆς
292 2269 434 2351 πόλεως,
470 2269 570 2347 όντας
607 2268 668 2335 ούκ
705 2267 860 2347 έλάττους
897 2269 1157 2354 ὀκτακισχιλίων.

100 2371 274 2439 4κάπειτα
305 2375 467 2439 τοσούτου
500 2380 653 2460 πλήθους
690 2374 787 2462 ἀφνω
824 2375 1157 2460 συναναγκαζομένου
1178 2398 1204 2438 ιο

135 2481 197 2564 τὴν
228 2481 372 2566 πατρίδα
402 2480 541 2565 φεύγειν
571 2480 687 2567 ἔγεμεν
715 2484 736 2568 η
766 2485 862 2561 πόλις
892 2483 1074 2568 διαδρομῆς
1102 2484 1158 2549 καί

135 2587 290 2671 θορύβου
317 2587 373 2652 καί
399 2590 600 2671 γυναικείων
626 2595 823 2674 κλαυθμῶν·
857 2589 996 2673 οὐδεμία
1022 2591 1086 2675 γάρ
1114 2587 1158 2675 ἦν

136 2694 224 2758 οἰκία
253 2692 405 2772 πένθους
432 2694 656 2780 ἀκοινώνητος
683 2698 766 2762 κατὰ
794 2706 916 2764 τοῦτον
942 2697 1003 2763 τὸν
1029 2700 1157 2784 καιρόν.

100 2801 169 2864 σοί
190 2800 252 2883 μὲν
275 2802 338 2886 γάρ
363 2801 439 2886 περὶ
460 2804 523 2888 την
545 2803 730 2889 τυραννίδα
752 2813 812 2870 τοῦ
836 2801 1080 2889 Ἀγαθοκλέους
1101 2805 1158 2871 καί

134 2917 202 2972 τῶν
231 2906 357 2972 τέκνων
388 2906 492 2974 αὐτοῦ
521 2911 583 2994 την
613 2912 791 2996 συμφορὰν
819 2912 1005 2997 ὠδύροντο,
1029 2921 1098 2977 τῶν
1122 2911 1155 2976 δ’
1177 2933 1203 2976 ιε

137 3013 279 3079 ἰδιωτῶν
315 3015 348 3079 ολ
383 3014 561 3096 μὲντοὺς
603 3016 810 3084 ἀπολωλέναι
850 3019 1033 3096 δοκοῦντας
1073 3020 1158 3084 κατά

135 3119 268 3203 Λιβύην
298 3116 440 3206 ἔκλαιον,
471 3123 503 3188 οἱ
533 3123 571 3188 δέ
599 3126 678 3202 τούς
707 3123 924 3204 ἐκπίπτοντας
957 3124 1015 3210 ἀφ’
1046 3123 1159 3204 έστίας

206 3346 224 3400 2
246 3356 322 3418 νηῶν
340 3350 370 3404 F.
444 3351 479 3406 10
501 3350 551 3414 τὰς
570 3351 601 3406 δέ
620 3361 690 3415 ναῦς
706 3354 810 3415 ταύτας
827 3354 857 3408 F.
930 3355 966 3409 15
989 3355 1158 3424 διετήρησαν

127 3433 223 3486 εαεμη
243 3419 330 3474 Wess.
352 3422 461 3477 confert
479 3422 545 3478 Luc.
560 3423 585 3475 Π
599 3427 641 3477 51.
715 3424 750 3478 22
768 3422 922 3495 γυναικίων
940 3425 998 3481 RX.
1067 3426 1104 3481 24
1121 3426 1159 3482 τὰ

113 3489 259 3560 πυρίτην
276 3491 440 3563 τυραννίδα
458 3494 490 3550 F.
559 3494 597 3551 25
617 3495 709 3551 αότῶν
729 3495 813 3562 mm
835 3513 905 3551 αοω.
923 3497 1005 3551 Dind.
1070 3497 1105 3553 27
1130 3497 1159 3553 έ-

99 3556 196 3614 κλαον
214 3561 308 3622 Dind.
331 3585 463 3641 semper3
487 3569 525 3625 cf.
545 3567 669 3626 Οεόωοδι
685 3585 771 3624 mem.
788 3566 935 3622 mm.
948 3571 1055 3634 mm.
