2460 3848
114 189 156 253 70
472 182 718 239 D10d01.xix43.
729 189 771 238 44.

115 332 229 407 ἱππεῖς·
246 333 325 408 τοὺς
352 331 432 412 μετδι
455 327 649 394 Πευκέστου
676 330 720 413 μή
748 329 878 413 μακρὰν
905 326 1051 413 ἀπέχειν,
1078 325 1135 392 έπ-

113 439 283 523 εχείρησεν
319 436 490 522 ἀθροίζειν
526 436 673 512 ἅπαντας
708 435 765 500 καὶ
799 435 901 501 πάλιν
938 436 1136 519 ἱππομαχεῖν

113 545 196 630 πρὸς
216 543 420 628 Ἀντίγονον·
445 544 559 626 ήλπιζε
581 544 646 627 γὰρ
668 541 754 632 μάχη
777 546 942 627 κρατήσας
965 542 1005 607 οὐ
1029 543 1136 624 μόνον

112 653 174 736 τήν
199 651 289 716 ίδίαν
312 649 502 732 ἀποσκευὴν
525 649 657 732 σώσειν,
680 648 764 714 ἀλλά
786 649 842 714 καὶ
863 651 925 734 τήν
947 659 1016 714 τῶν
1037 653 1134 715 πολε·

77 758 199 840 εμίων
221 761 485 842 προσλήψεσθαι.
526 766 594 822 τῶν
616 754 655 820 δὲ
677 756 754 842 περὶ
776 756 836 821 τὸν
855 754 1050 840 Πευκέστην
1073 755 1136 841 ούχ
1168 777 1180 818 ι

113 864 364 947 ὑπακουόντων,
401 863 484 929 ἀλλὰ
519 863 576 928 καὶ
612 863 812 927 τούναντίον
843 860 1042 948 πορρωτέρω
1074 864 1137 947 τήν

114 970 326 1055 ἀποχώρησιν
353 968 564 1053 ποιουμένων
591 967 648 1034 ἐπί
673 991 748 1034 τινα
775 971 890 1054 τόπον,
923 969 989 1052 ἀμα
1017 969 1055 1034 δὲ
1081 969 1138 1034 καὶ

113 1079 234 1154 νυκτὸς
247 1076 565 1161 καταλαμβανούσης
577 1076 774 1161 ἠναγκάσθη
792 1075 940 1154 συνεῖξαι
958 1087 1004 1162 τῷ
1022 1087 1137 1162 καιρῷ.
1155 1117 1160 1127 ·

78 1181 302 1268 4Ἇντίγονος
334 1184 371 1248 δὲ
402 1186 482 1260 τοὺς
516 1185 625 1260 ἱππεῖς
657 1184 705 1260 είς
736 1183 798 1248 δύο
830 1182 913 1268 μέρη
946 1183 1138 1266 διελόμενος

113 1293 193 1369 τούς
215 1291 277 1374 μὲν
300 1291 400 1367 αὐτὸς
422 1288 508 1375 έχων
530 1288 694 1375 ἐφήδρευε
717 1300 788 1367 τοῖς
810 1290 886 1375 περὶ
908 1291 969 1355 τὸν
988 1289 1137 1374 Εὐμενῆ,
1157 1311 1183 1352 ιο

114 1400 175 1483 τήν
203 1398 310 1484 ὁρμήν
337 1398 449 1463 αὐτῶν
476 1397 694 1483 ἀποθεωρῶν,
723 1401 803 1474 τοὺς
830 1393 860 1461 δ’
883 1398 1005 1473 ἀλλους
1026 1413 1188 1482 παρα-351

114 1505 195 1583 δοὺς
218 1507 356 1570 Πίθωνι
383 1502 585 1589 προσέταξεν
612 1503 793 1570 ἐπιθέσθαι
820 1514 891 1581 τοῖς
913 1503 1139 1589 ἀργυράσπισι

78 1630 95 1678 5
113 1610 359 1695 μεμονωμένοις
376 1620 435 1694 τῆς
452 1622 520 1676 τῶν
541 1610 667 1677 ἱππέων
685 1615 854 1696 βοηθείας.
888 1613 970 1695 ταχὺ
989 1607 1021 1674 δ’
1033 1610 1137 1676 αὐτοῦ

114 1719 152 1784 τὸ
180 1717 394 1803 προσταχθὲν
421 1723 662 1795 συντελοῦντος
689 1720 722 1784 οἱ
744 1718 941 1795 Μακεδόνες
968 1719 1015 1795 είς
1042 1723 1139 1783 πλιν-

113 1826 196 1891 θίον
218 1823 358 1902 ἑαυτοὺς
377 1828 575 1910 ποιήσαντες
593 1824 750 1910 ἀσφαλῶς
769 1825 986 1911 ἀπεχώρησαν
1004 1822 1059 1889 έπὶ
1077 1825 1139 1890 τὸν
1158 1843 1183 1886 ιι

114 1933 265 2015 ποταμὸν
287 1932 342 1997 καὶ
365 1916 433 1997 τῶν
456 1932 533 2018 περὶ
555 1933 615 1998 τὸν
638 1932 834 2016 Πευκέστην
856 1934 1066 2018 κατηγόρουν
1093 1932 1139 2009 ὡς

115 2040 232 2105 αίτίων
254 2038 486 2124 γεγενημένων
507 2048 566 2122 τῆς
588 2050 656 2104 τῶν
681 2037 808 2104 ἱππέων
829 2039 936 2122 ήττης.
979 2061 1140 2123 καταντη-

53 2213 64 2238 .,
116 2146 247 2212 σάντων
279 2145 317 2211 δὲ
349 2147 404 2212 καὶ
435 2156 503 2211 τῶν
534 2147 611 2231 περὶ
642 2147 702 2211 τὸν
729 2145 864 2230 Εὐμενῆ
896 2146 974 2230 περὶ
1006 2146 1139 2230 λύχνων

79 2253 204 2339 οάφάς
233 2255 457 2330 συνελθόντες
487 2250 707 2334 ἐβουλεύοντο
737 2253 773 2316 τί
800 2254 862 2337 χρή
890 2252 1054 2338 πράττειν.
1106 2254 1140 2319 οἱ

115 2360 177 2443 μὶν
206 2355 269 2426 οὖν
296 2360 460 2446 σατράπαι
487 2360 549 2443 τήν
575 2361 733 2444 ταχίστην
756 2355 887 2443 έφησαν
914 2358 987 2424 δεῖν
1010 2358 1140 2444 ἀποχω-
1158 2383 1184 2424 io

116 2476 189 2549 ρεῖν
208 2467 256 2542 εἱς
273 2467 332 2543 τάς
350 2467 419 2531 ἀνω
439 2466 653 2551 σατραπείας,
676 2466 694 2531 δ
714 2462 744 2530 δ’
758 2465 912 2550 Εὐμενής
935 2465 1139 2550 ἀπεφαίνετο

115 2571 229 2654 μένειν
251 2572 308 2637 καὶ
331 2573 601 2656 διαγωνίζεσθαι,
629 2581 687 2656 τής
713 2571 775 2654 μὲν
800 2582 867 2637 τῶν
890 2571 1052 2638 ἐναντίων
1075 2573 1140 2657 φά-

116 2683 239 2763 λαγγος
261 2677 553 2764 συντετριμμένης,
581 2688 639 2762 τῆς
664 2678 702 2743 δὲ
725 2689 793 2744 τῶν
818 2678 944 2745 ἱππέων
967 2679 1141 2762 δυνάμεως

80 2785 301 2871 ῖέφαμίλλου
328 2781 406 2871 παρ’
429 2785 628 2871 ἀμφοτέροις
655 2786 765 2869 ούσης.
816 2787 849 2851 οἱ
879 2786 917 2851 δὲ
942 2786 1152 2864 Μακεδόνες·

117 2892 306 2979 οὐδετέροις
333 2889 462 2977 έφασαν
485 2892 754 2976 ὑπακούσεσθαι,
781 2903 840 2977 τῆς
866 2893 1053 2977 ἀποσκευῆς
1080 2894 1140 2959 αύ-
1159 2914 1184 2956 ει

188 3120 204 3175 l
229 3119 397 3191 ἐπεχείριοεν
415 3121 448 3175 Χ.
523 3122 538 3176 7
564 3119 611 3176 έπὶ
633 3141 698 3176 τινα
719 3118 819 3193 τόπον]
846 3119 893 3176 ἐπί
914 3138 971 3175 τισι
987 3119 1085 3184 τόποις
1103 3122 1139 3190 F3

116 3190 163 3248 έπὶ
175 3212 240 3247 τινα
254 3191 343 3262 λόφον
356 3193 459 3248 Reiske
479 3194 546 3253 (non
559 3192 803 3262 improbabiliter).
858 3192 876 3248 8
889 3192 1058 3262 ήναγκύσθη
1074 3209 1140 3248 ουν-

116 3264 200 3335 εῖξαι]
219 3264 443 3334 ἡναγκάσθησαν
462 3260 535 3330 εἱξαι
552 3263 631 3333 libri3
651 3281 720 3318 corr.
730 3264 820 3319 Wess.
836 3267 865 3318 οἱ
878 3264 990 3318 Reiske.
1045 3263 1082 3319 14
1099 3265 1141 3328 είς

116 3333 251 3391 πλινθίον
288 3335 405 3398 ἑαυτούς
440 3335 606 3405 ποιήσαντες
637 3335 701 3403 ΡιΧς
737 3333 872 3390 πλινθίον
907 3335 1014 3390 ἑαυτῶν
1046 3355 1075 3390 π.
1108 3337 1139 3392 F.

111 3405 152 3458 15
168 3405 216 3459 έπὶ
236 3423 289 3461 om,
305 3407 335 3462 F.
404 3406 440 3461 16
457 3404 507 3462 τὸν
524 3407 589 3474 περὶ
607 3411 644 3462 Π.
662 3406 696 3460 X.
764 3407 798 3461 17
818 3404 898 3461 αἰτία
917 3404 1090 3477 γεγενημένα
1109 3408 1140 3464 F.

94 3471 139 3523 19
168 3475 362 3542 συνελθόντες
395 3497 449 3536 om.
479 3479 506 3535 R
538 3478 600 3552 (qui
633 3479 887 3551 συνεβουλεύοντο),
924 3478 1015 3546 suppl.
1050 3484 1074 3533 1.
1102 3497 1139 3535 m.

78 3536 124 3590 35
138 3541 260 3613 ἔφησαν
276 3550 310 3605 δ’.
350 3553 565 3612 ύπακούεσθαι
582 3552 618 3609 X.
