2460 3848
486 192 585 246 LIBRI
602 142 703 247 XX(
1029 190 1080 248 XV

61 286 115 335 cap.

168 354 322 410 exercitum
347 354 384 408 ad
408 354 547 408 Numidas
572 352 622 422 qui
650 353 811 407 defecerant
839 353 993 408 domandos
1017 371 1081 424 pro-

167 434 273 489 fectum
298 434 456 503 insequitur
481 451 584 503 eosque
610 433 647 487 ad
671 433 811 502 proelium
833 435 998 502 provocatos
1022 434 1080 487 acri

167 515 321 570 certamine
339 514 441 569 fundit.

61 602 102 650 39.
131 595 272 650 Numidae
283 594 451 650 Graecorum
466 595 558 648 castra
572 591 703 662 spo'iant.
730 593 861 663 Captivos
872 593 992 648 Graecos
1006 595 1081 665 Aga-

167 675 276 731 thocles
295 677 393 730 contra
413 675 509 728 datam
527 674 612 728 fidem
631 674 795 745 exstinguit.

60 761 104 810 40.
133 755 304 826 Agathocles
322 755 460 824 augendis
479 753 580 824 opibus
598 755 724 809 intentus
743 753 892 822 Ophellam
911 753 1081 824 Cyrenaicae

168 835 342 904 praefectum
368 835 399 888 in
424 835 588 890 societatem
613 834 711 889 allicit.
758 833 891 903 Ophellas
911 834 1080 890 Graecorum

169 913 255 970 etiam
274 915 380 969 auxilia
399 916 526 970 advocat.

61 1001 104 1049 41.
134 995 269 1064 Ophellae
296 996 440 1064 copiarum
466 1010 597 1048 numerus
629 999 658 1048 et
686 1011 738 1063 per
767 995 895 1065 regiones
924 999 1081 1051 memoratu

167 1076 270 1146 dignas
289 1076 351 1131 iter.
388 1075 555 1144 Episodinm
574 1074 609 1130 de
627 1075 742 1129 Lamiae
761 1077 842 1130 antro
861 1078 890 1130 et
908 1075 1015 1131 fabula.

61 1161 103 1209 42.
131 1156 271 1226 Regiones
286 1155 423 1226 Ophellae
436 1154 629 1224 peragrandae
644 1154 847 1211 describuntur.
882 1156 1002 1224 Socium,
1017 1172 1081 1210 cum

168 1235 361 1303 adventasset,
384 1237 473 1304 impia
497 1235 583 1290 caede
609 1237 746 1304 opprimit
767 1235 938 1305 Agathocles
963 1238 1080 1305 totoque

168 1317 228 1370 eius
247 1316 372 1371 exercitu
389 1317 506 1385 potitur.

58 1401 102 1449 43.
130 1394 288 1451 Bomilcar
305 1396 464 1465 tyrannidis
483 1394 654 1450 obtinendae
673 1395 790 1450 consilia
809 1395 936 1465 agitavit.

59 1482 102 1530 44.
131 1475 288 1531 Bormilcar
310 1492 459 1545 oppressus
482 1493 499 1529 a
523 1474 630 1530 civibus
653 1475 792 1545 supplicio
819 1475 958 1531 occubuit.
1005 1477 1080 1546 Aga·

167 1555 275 1610 thooles
294 1572 379 1611 naves
398 1556 496 1625 spoliis
515 1558 629 1610 onustas
649 1555 802 1625 Syracusas
820 1556 919 1611 mittit.

203 1636 394 1690 Romanorum
412 1635 489 1690 bella
511 1637 542 1690 in
560 1636 700 1691 Samnites
724 1640 754 1691 et
771 1637 911 1691 Etruscos.
950 1637 1080 1691 indutiae

88 1766 90 1769 .
168 1733 232 1769 cum
250 1715 375 1770 Etruscis
394 1715 494 1771 factae.

401 1869 442 1924 01.
460 1874 519 1936 118,
530 1876 545 1923 2
555 1891 560 1924 :
570 1874 621 1923 307
637 1886 662 1923 a.
678 1868 740 1923 Chr.

60 1962 102 2011 45.
131 1956 305 2024 Demetrius,
329 1958 467 2028 Antigoni
489 1959 576 2026 filius,
605 1975 622 2012 a
645 1960 726 2027 patre
748 1959 840 2012 iussus
858 1958 969 2027 Epheso
997 1958 1080 2013 solvit

168 2038 205 2091 ad
220 2037 366 2093 Graeciam
385 2039 415 2092 in
433 2037 593 2093 libertatem
606 2038 813 2093 vindicandam.
846 2038 940 2092 Prima
955 2038 1080 2093 omnium

166 2119 342 2172 Athenarum
355 2118 423 2172 urbs
437 2119 466 2172 vi
480 2121 575 2188 capta,
592 2119 685 2173 adhuc
695 2116 832 2172 Casandri
845 2117 987 2187 praesidio
998 2136 1078 2174 oocu-

166 2200 244 2267 pata.
282 2197 441 2252 Demetrius
464 2198 629 2265 Phalereus,
654 2197 733 2252 urbis
759 2201 883 2265 curator,
912 2197 1024 2253 Thebas
1050 2204 1079 2254 et

166 2278 233 2333 inde
252 2279 283 2332 iu
301 2279 463 2348 Aegyptum
482 2278 606 2348 aufugit;
626 2278 791 2347 Dionysius,
810 2279 980 2348 Monychiae
998 2296 1080 2348 prae-

166 2359 271 2424 fectus,
290 2374 348 2412 una
367 2375 431 2412 cum
449 2357 518 2412 urbe
536 2359 564 2412 vi
582 2361 691 2427 captus.

59 2444 101 2494 46.
131 2439 274 2508 Antigono
298 2440 327 2492 et
351 2438 493 2493 Demetrio
518 2441 628 2493 statuae
647 2438 756 2507 positae
782 2441 811 2493 et
834 2455 883 2493 ara
901 2438 1079 2494 Servatorum

66 2545 68 2552 .
167 2518 270 2574 dicata.
302 2518 372 2572 inde
386 2518 491 2573 liberae
505 2519 646 2586 Athenae,
665 2519 795 2589 Megara,
808 2518 930 2573 Imbrus:
958 2519 1079 2575 Senatus

167 2614 182 2653 e
201 2597 365 2653 civitatibus
384 2600 466 2654 sociis
485 2599 663 2659 constitutus.
1071 2597 1074 2604 ’

59 2685 102 2732 47.
131 2678 290 2733 Demetrius
304 2679 334 2731 in
344 2677 466 2747 Cyprum
480 2680 601 2747 traiecit,
615 2682 648 2734 ut
661 2681 692 2733 in
705 2679 860 2735 Ptolemaei
874 2681 959 2734 duces
974 2680 1079 2734 bellum

166 2760 285 2829 gereret.
313 2758 397 2827 Apud
412 2758 582 2815 Salaminem
596 2760 708 2815 obviam
723 2760 815 2814 factus
829 2760 967 2827 Menelao,
985 2761 1078 2817 Ptole·

167 2838 242 2894 maei
255 2838 363 2909 legato,
381 2838 520 2907 proelium
535 2841 676 2895 commisit
690 2843 718 2895 et
732 2840 891 2894 Menelaum
906 2841 993 2908 fudit;
1013 2857 1078 2909 eap-

166 2920 218 2974 tivi
237 2919 274 2972 ad
292 2919 468 2989 Antigonum
486 2922 578 2989 missi,
598 2922 726 2989 quitum
745 2921 775 2974 in
794 2919 875 2988 Syria
893 2921 1077 2990 Antigoniam

167 3016 267 3054 novam
285 2998 384 3054 urbem
403 3000 549 3055 condebat.
578 3002 723 3056 Menelaus
742 3003 772 3056 in
790 2999 888 3054 urbem
908 3000 1078 3056 Salaminem

166 3080 265 3148 pulsus
284 3097 301 3133 a
320 3079 481 3136 Ptolemaeo
501 3082 606 3136 auxilia
625 3082 752 3151 requirit.

59 3165 102 3214 48.
133 3159 314 3230 Oppugnatio
333 3159 412 3215 urbis
432 3160 581 3217 Salaminis
601 3180 619 3216 a
637 3162 781 3217 Demetrio
801 3163 938 3230 suscepta.
980 3161 1078 3216 Novae

167 3241 316 3295 machinae
335 3241 473 3311 helepolis
492 3241 651 3312 descriptio.
685 3242 918 3312 oppugnantium
932 3240 1077 3295 machinas

167 3321 298 3376 incendio
316 3322 411 3376 vastat
428 3321 583 3378 Menelaus.

58 3405 102 3454 49.
131 3399 285 3455 Intervenit
298 3400 474 3455 Ptolemaeus
489 3419 552 3456 cum
567 3403 656 3458 classe
670 3404 906 3459 instructissima.
934 3400 1104 3465 Sopatrum

168 3482 347 3536 advectorum
365 3482 542 3556 naviumque
553 3503 705 3544 numerus.
733 3483 913 3542 hiemetr'xus
925 3479 1061 3531 massera
1070 3483 1128 3527 eu·

154 3561 241 3628 Ponit
258 3564 289 3615 et
307 3562 345 3618 ab
364 3565 438 3624 urbe
460 3567 619 3642 classeque
637 3569 801 3642 oppidana
813 3564 946 3618 hostem
962 3548 1066 3604 auom¹
