2460 3848
434 189 476 245 01.
488 196 548 256 ιω,
559 196 587 244 2:
607 196 658 245 ωε
674 207 700 245 α.
711 190 773 245 chr.
1070 195 1113 260 93

95 338 230 420 πηγίας,
267 334 380 420 ἐπειδὴ
415 337 474 413 τάς
510 344 592 413 ναῦς
627 336 685 413 τάς
721 334 757 401 ἐκ
796 340 953 421 Φοινίκης
988 336 1115 415 ἁπάσας

95 444 176 524 μετά
199 453 266 507 τῶν
288 443 516 529 πληρωμάτων
539 448 746 525 Πτολεμαῖος
769 437 857 528 εἶχεν
880 442 918 510 ἐν
940 445 1114 531 Αἰγύπτῳ·

42 559 170 626 363τοῖς
197 545 227 612 δ’
250 549 412 634 ὑπάρχοις
439 548 612 615 ἐκέλευσεν
634 549 804 632 ἑτοιμάσαι
826 552 909 615 κατά
933 551 1031 635 τάχος
1053 572 1115 616 πυ-

97 667 166 739 ρῶν
188 656 250 738 μὲν
268 657 437 739 μεδίμνων
455 657 618 741 μυριάδας
640 659 852 742 τετρακοσίας
875 660 1113 740 πεντήκοντα*·

64 785 76 824 ε
95 772 235 828 τοσοῦτο
258 765 321 848 γάρ
346 765 393 841 είς
416 765 476 828 τὸν
499 762 654 829 ἐνιαυτὸν
677 762 804 847 ἐγίνετο
830 764 1015 848 δαπάνημα
1057 763 1115 828 αύ-

94 872 152 946 τὸς
178 870 216 935 δὲ
243 874 456 955 πανταχόθεν
484 870 647 955 ἀθροίσας
673 870 857 953 ὑλοτόμους
884 871 940 936 καί
966 871 1115 954 πρίστας,

96 973 144 1041 ἔτι
172 977 209 1042 δὲ
236 980 429 1061 ναυπηγοὺς
456 979 641 1059 κατεκόμιζε
668 979 730 1062 τήν
751 976 839 1062 ύλην
861 975 916 1042 ἐπὶ
940 978 1115 1043 θάλασσαν

96 1081 132 1149 ἐκ
154 1093 215 1149 τοῦ
238 1084 405 1168 Λιβάνου,
430 1085 619 1165 τεμνόντων
641 1084 703 1165 μὲν
727 1083 831 1167 αὐτὴν
853 1085 909 1149 καί
932 1086 1116 1168 πριζόντων

96 1190 231 1274 άνδρῶν
272 1191 537 1276 ὀκτακισχιλίων,
582 1193 866 1273 κατακομιζόντων
907 1191 945 1256 δὲ
990 1194 1116 1274 ζευγῶν

51 1319 77 1358 ιο
96 1299 220 1380 χιλίων.
269 1300 307 1363 τὸ
336 1295 366 1363 δ’
389 1299 468 1383 όρος
494 1305 593 1362 τοῦτο
621 1300 761 1381 παρήκει
787 1297 848 1379 μὲν
875 1296 964 1381 παρά
991 1320 1027 1362 τε
1054 1298 1150 1380 τήν3

101 1406 261 1488 Τρίπολιν
289 1405 345 1469 καί
374 1406 536 1487 Βυβλίαν,
568 1399 616 1467 ἔτι
648 1403 683 1468 δὲ
712 1404 895 1487 Σιδωνίαν,
927 1409 1049 1488 πλῆρες
1082 1401 1112 1467 δ’

96 1508 165 1575 ἐστὶ
189 1508 298 1588 ξύλων
316 1512 480 1597 κεδρίνων
498 1511 554 1576 καί
576 1512 827 1595 κυπαρισσίνων
849 1517 1055 1593 θαυμαστῶν
1077 1512 1114 1574 τό

95 1639 130 1680 τε
159 1617 279 1694 κάλλος
308 1617 363 1682 καί
392 1616 542 1700 μέγεθος.
593 1627 779 1700 ναυπηγεῖα
809 1617 840 1682 δ’
864 1616 1012 1695 ἀπέδειξε
1040 1618 1150 1701 τρία4

95 1723 157 1805 μὲν
186 1726 268 1788 κατά
297 1725 358 1808 τήν
390 1726 560 1808 Φοινίκην,
591 1720 628 1789 ἕν
657 1747 692 1788 τε
725 1726 880 1808 Τριπόλει
909 1725 964 1790 καί
994 1726 1114 1812 Βύβλῳ

52 1831 151 1895 τεκαὶ
178 1832 322 1914 Σιδῶνι,
351 1830 508 1916 τέταρτον
536 1830 573 1896 δὲ
603 1831 679 1915 περὶ
706 1832 873 1914 Κιλικίαν,
902 1830 1116 1916 κομιζομένης

96 1946 154 2021 τῆς
175 1935 258 2020 ύλης
280 1935 317 2002 ἐκ
339 1946 399 2004 τοῦ
419 1938 560 2022 Ταύρου.
595 1933 639 2021 ήν
658 1937 696 2002 δὲ
717 1937 773 2002 καί
796 1937 872 2022 περὶ
891 1935 1005 2003 Ῥόδον
1023 1940 1149 2022 άλλο,ο

97 2047 372 2128 συγχωρήσαντος
389 2054 450 2110 τοῦ
470 2046 576 2129 δήμου
594 2044 847 2122 κατασκευάζειν
866 2053 948 2121 ναῦς
970 2043 1035 2110 άπὸ
1058 2055 1116 2128 τής

95 2150 178 2234 ύλης
195 2160 253 2235 τής
272 2151 545 2236 εἰσκομιζομένης.
581 2159 642 2217 τοῦ
661 2148 691 2215 δ’
706 2148 899 2234 Ἀντιγόνου
919 2151 995 2236 περὶ
1012 2160 1115 2216 ταῦτα

96 2258 193 2334 ὄντος
215 2259 271 2323 καί
293 2261 435 2342 πλησίον
453 2269 511 2344 τής
528 2259 700 2342 θαλάσσης
718 2259 1115 2342 κατεστρατοπεδευκότος

51 2386 77 2424 ω
95 2360 176 2448 ήκεν
208 2362 241 2441 ἐξ
272 2365 448 2447 Αἰγύπτου
481 2364 647 2443 Σέλευκος
682 2366 763 2447 μετά
794 2375 882 2430 νεῶν
913 2363 1032 2431 ἑκατὸν
1063 2389 1115 2432 κε-

96 2470 312 2556 κοσμημένων
340 2475 518 2554 βασιλικῶς
545 2472 601 2537 καί
627 2478 801 2537 πλεουσῶν
827 2473 954 2549 ἱκανῶς.
1000 2494 1114 2538 ποιου-

96 2577 199 2660 μένου
223 2576 254 2643 δ’
273 2578 376 2644 αὐτοῦ
404 2581 463 2644 τὸν
486 2579 684 2664 παράπλουν
707 2577 783 2663 παρ’
802 2577 906 2663 αὐτήν
928 2580 990 2663 τὴν
1018 2597 1115 2666 στρα-

96 2686 272 2750 τοπεδείαν
292 2687 632 2770 καταπεφρονηκότως
654 2686 740 2751 οἵτε
759 2685 880 2752 ἐκτῶν
899 2688 1115 2772 συμμαχίδων

96 2793 227 2858 πόλεων
249 2792 305 2857 καί
327 2792 448 2869 πάντες
471 2793 504 2858 οἱ
525 2801 827 2878 κοινοπραγοῦντες
854 2802 924 2871 τοῖς
948 2794 1025 2876 περί
1045 2792 1115 2859 ’Av-

51 2919 77 2958 ω
96 2900 234 2982 τίγονον
270 2900 397 2982 άθυμοι
432 2903 720 2984 καθειστήκεισαν·
770 2900 941 2985 πρόδηλον
977 2901 1040 2984 γάρ
1072 2896 1150 2983 ήν6

167 3053 328 3111 δέκόλευεν
346 3056 376 3110 F.
422 3053 513 3123 πυρὸν
531 3056 589 3111 RX.
662 3056 681 3111 4
718 3056 749 3112 ὲν
767 3056 822 3111 del.
839 3056 941 3124 Bekk.;
961 3059 991 3110 at
1010 3056 1115 3111 excidit

96 3128 126 3181 ni
145 3125 229 3181 fallor
246 3145 270 3181 v.
286 3134 302 3181 4
321 3131 430 3195 κριθῶν
450 3128 480 3182 δὲ
557 3127 602 3196 (cf.
617 3144 641 3183 ο.
656 3147 682 3198 g.
762 3133 805 3195 96,
816 3130 850 3197 3).
907 3145 943 3182 οη
966 3126 1116 3197 μεδίμνους

97 3199 186 3253 Wess.
207 3198 270 3267 (V)‘?
344 3199 422 3262 λείς
446 3199 497 3270 τὴν
522 3199 670 3254 θάλασσαν
690 3200 720 3253 Β.
793 3196 1114 3268 Βκατακομιζόντων-

97 3268 192 3337 χιλίων
212 3286 265 3325 om.
279 3269 310 3335 F,
329 3270 420 3339 suppl.
441 3277 465 3325 2.
480 3289 516 3324 m.
535 3272 566 3325 in
584 3287 671 3341 marg.
745 3271 780 3325 11
800 3268 915 3341 Βιβλίαν
934 3271 959 3324 Β
978 3271 1023 3341 (ef.
1042 3271 1113 3325 Ptol.

97 3340 179 3408 V14‚
195 3344 222 3412 θ)
241 3338 372 3425 Κιλικίαν
391 3342 420 3395 F.
475 3342 511 3397 12
528 3340 647 3409 κεδρίον
661 3343 691 3398 Β.
728 3339 1114 3462 κυπαρισσίνωνὲπενκῶνΒ

97 3416 285 3482 (εωμτωμοειιο
305 3411 341 3466 ab
360 3418 385 3467 2.
400 3431 435 3468 m.
450 3411 678 3485 κυπαρισσίνων).
728 3413 765 3468 18
782 3412 935 3481 υαυπύχηια
976 3452 983 3461 .
1020 3411 1068 3459 Χὶκ
1080 3414 1137 3458 Σι-

96 3481 186 3558 δωνίρι
199 3484 229 3538 F.
280 3483 315 3539 18
333 3482 559 3558 κομιζομένηςδ.
611 3484 652 3544 28
668 3477 1027 3554 κατεπεψρουτχκότωςῖ.
1064 3471 1097 3521 θ’»
1112 3468 1169 3528 ti

94 3553 207 3620 ὅτανδ’,
227 3570 295 3610 σου.
317 3561 341 3612 2.
357 3574 393 3613 m.
470 3559 509 3617 25
527 3561 770 3634 καθειστήκεσαν
787 3554 890 3611 Um.

1199 3648 1215 3719 ί
