2460 3848
448 160 491 216 01.
503 167 563 228 116,
575 166 603 215 1:
623 165 676 214 ιω
691 176 716 214 a.
727 159 790 216 chr.
1087 164 1127 228 ῃ

106 317 175 372 τῶν
197 307 362 390 ἡλωκυίας
388 306 445 372 καί
471 308 561 392 παρὰ
588 315 658 384 τοῖς
680 307 851 389 πολεμίοις
873 305 982 370 όντων
1004 304 1130 371 τέκνων

106 414 163 480 καὶ
185 424 355 497 γυναικῶν
377 413 433 478 καλ
455 417 589 479 πολλῶν
612 415 724 479 ἄλλων
746 412 937 497 ἀναγκαίων
960 412 1129 495 σωμάτων.

105 523 181 586 τότε
205 520 269 604 μὲν
296 511 359 586 οὖν
386 521 594 604 διελύθησαν
625 521 787 603 οὐδεμίαν
819 518 1164 605 συμπεφωνημένηνε

106 629 243 713 γνώμην
275 628 529 711 βεβαιώσαντες·
561 629 642 711 μετά
674 628 713 693 δὲ
743 623 842 693 ταῦθ’
870 628 903 693 οἱ
934 627 1131 704 Μακεδόνες

74 735 220 823 ιλάθρᾳ
253 735 595 819 διαπρεσβευσάμενοι
630 736 715 821 πρὸς
742 732 938 818 Ἀντίγονον
973 735 1033 800 τὸν
1068 734 1130 817 μὲν

106 842 243 926 Εὐμενῆ
271 841 544 927 συναρπάσαντες
570 840 779 927 παρέδωκαν,
806 843 864 918 τὰς
891 840 922 906 δ’
944 841 1131 919 ἀποσκευάς

106 949 322 1031 κομισάμενοι
338 949 395 1014 καλ
416 951 544 1026 πίστεις
566 950 725 1032 λαβόντες
748 947 999 1033 κατετάχθησαν
1021 951 1070 1027 είς
1091 951 1129 1015 τὸ

107 1057 340 1141 στρατόπεδον.
386 1057 424 1122 τὸ
452 1058 684 1142 παραπλήσιον
712 1052 742 1120 δ’
761 1056 797 1121 οἵ
820 1078 856 1121 τε
884 1056 1047 1142 σατράπαι
1074 1057 1164 1123 καλε

106 1173 175 1227 τῶν
202 1163 312 1228 άλλων
334 1164 508 1247 ἡγεμόνων
530 1186 566 1229 τε
593 1163 649 1228 καί
676 1173 886 1249 στρατιωτῶν
910 1164 943 1228 ολ
970 1168 1129 1247 πλεῖστοι,

60 1293 89 1333 ιο
106 1271 167 1335 τὸν
193 1258 385 1356 Ιστρατηγὸν
416 1268 706 1353 ἐγκαταλιπόντες,
738 1281 795 1354 τῆς
829 1270 916 1346 ἰδίας
947 1269 1130 1355 ἀσφαλείας

106 1379 212 1460 μόνον
235 1376 447 1463 ἐφρόντισαν.

174 1482 364 1569 Ἀντίγονος
396 1483 434 1549 δέ
464 1482 659 1570 παραδόξως
694 1484 873 1569 κυριεύσας
908 1491 969 1549 τοῦ
1005 1480 1034 1549 τ’
1060 1485 1182 1550 Εύ-44

106 1600 228 1674 μενούς
251 1591 307 1657 καλ
329 1591 437 1675 πάσης
458 1600 517 1675 τῆς
539 1591 812 1675 ἀντιτεταγμένης
835 1591 1007 1674 δυνάμεως
1025 1590 1129 1657 Ἀντι-

106 1697 208 1783 γένην
235 1698 297 1780 μὲν
324 1699 384 1763 τὸν
410 1709 478 1763 τῶν
506 1698 767 1785 ἀργυρασπίδων
793 1698 982 1783 ἡγούμενον
1008 1704 1129 1764 συλλα-

60 1825 88 1867 ιο
106 1805 177 1889 βδιν
208 1806 264 1869 καί
294 1804 520 1888 καταθέμενος
552 1807 599 1883 είς
632 1806 745 1891 σειρὸν
777 1809 883 1885 ζῶντα
916 1806 1128 1892 κατέκαυσεν,

105 1912 266 1997 Εύδημον
294 1912 331 1977 δέ
358 1914 418 1979 τὸν
441 1910 475 1990 ἐξ
493 1910 612 1981 Ἰνδῶν
633 1914 862 1996 καταγαγόντα
888 1915 967 1990 τοὺς
990 1913 1130 1998 ἐλέφαν-

105 2043 165 2096 τας
190 2020 247 2085 καλ
271 2018 473 2102 *Κελβανὸν
500 2021 558 2085 καί
583 2043 677 2096 τινας
705 2019 827 2095 ἀλλους
853 2029 921 2084 τῶν
949 2019 1130 2106 ἀλλοτρίως

106 2125 158 2191 ἀεὶ
187 2128 271 2212 πρὸς
300 2127 404 2191 αὐτὸν
433 2124 579 2211 ἐχόντων
608 2125 749 2192 ἀνεῖλεν.
795 2125 930 2210 Εὐμενῆ
960 2126 998 2190 δὲ
1025 2145 1163 2212 παρα-ε

107 2232 189 2310 δοὺς
211 2234 259 2310 εἰς
282 2236 437 2319 φυλακην
460 2232 655 2316 ἐβουλεύετο
679 2243 749 2309 πῶς
772 2231 861 2318 αὐτῷ
884 2231 1045 2318 χρηστέον
1069 2233 1128 2318 είη.

59 2363 88 2404 ιο
106 2335 247 2405 ἔσπευδε
274 2341 338 2424 γάρ
366 2337 454 2425 ἐχειν
481 2340 558 2424 μεθ’
580 2340 684 2406 αὑτοῦ
710 2341 896 2426 στρατηγὸν
919 2339 1051 2424 ἀγαθὸν
1074 2341 1129 2406 καί

105 2445 238 2532 χάριτος
269 2446 454 2533 ὑπόχρεων,
486 2449 527 2514 οὐ
558 2449 635 2513 λίαν
665 2447 695 2512 δ’
721 2445 894 2513 ἐπίστευεν
924 2447 1028 2513 αὐτοῦ
1058 2458 1130 2525 ταῖς

106 2551 316 2637 ἐπαγγελίαις
339 2554 395 2619 διά
412 2557 474 2640 την
492 2555 576 2641 πρὸς
591 2551 794 2637 Ὀλυμπιάδα
812 2555 867 2620 καί
885 2558 965 2632 τοὺς
982 2559 1130 2639 βασιλεῖς

106 2662 236 2745 φιλίαν·
259 2661 396 2746 καὶγὰρ
415 2663 580 2747 πρότερον
598 2662 722 2738 σωθείς
739 2658 915 2728 ὑπἀὐτοῦ
933 2663 1010 2748 περὶ
1022 2667 1129 2749 Νῶρα

104 2775 164 2851 τῆς
185 2769 335 2854 Φρυγίας
357 2767 459 2833 ούδέν
481 2763 582 2851 ἧττον
604 2778 674 2846 τοίς
696 2772 869 2851 βασιλεῦσι
889 2772 1129 2854 προθυμότατα

59 2896 86 2938 ιι
105 2875 366 2958 συνηγωνίσατο.
399 2873 489 2960 δρῶν
508 2875 619 2940 δὲκαὶ
637 2877 698 2960 τὴν
716 2887 784 2941 τῶν
791 2877 1008 2949 ,Μακεδόνων
1022 2876 1129 2961 ὁρμὴν

176 3100 437 3172 δσνμφωυημίνην
455 3102 488 3156 Χ.
552 3103 616 3159 8τε
636 3121 690 3159 om
704 3104 735 3159 F.
795 3105 882 3160 θκαλ
901 3112 1061 3174 στρατηγῶν
1079 3105 1129 3160 καλ

107 3183 281 3242 στρατιωτων
299 3174 329 3229 F
394 3175 429 3229 15
449 3191 506 3243 σειρ
508 3171 541 3229 ον
559 3176 643 3243 F
610 3193 623 3229 s
623 3191 748 3315 &5ch
758 3176 804 3302 lab
825 3176 873 3303 all}
887 3193 967 3302 ωΚᾶ)
962 3192 1128 3319 βςέρρῑοῌὲἱ

106 3196 555 3388 δοέάάλάὴδᾱηοοδθίεὲάωέά]
567 3245 626 3373 ecesse
645 3321 741 3373 censet
753 3318 843 3373 Wess
863 3319 909 3387 (of
928 3249 1003 3373 Plut
1020 3321 1128 3388 quaest

106 3387 153 3442 Gr
173 3391 213 3458 9);
237 3390 394 3460 Κεβαλῐνον
412 3389 511 3444 Valek.
532 3390 569 3444 ad
587 3390 652 3444 Her
666 3388 706 3443 VI
719 3395 754 3444 45
778 3391 823 3460 (cf.
843 3391 928 3445 Diod
945 3389 1032 3444 m&
1042 3396 1100 3449 ὀε
1102 3396 1146 3447 ³2

106 3459 276 3598 gffiggm'
269 3463 339 3530 ,.16)
414 3460 449 3516 18
471 3461 577 3519 αἰελδ.
650 3461 689 3521 20
711 3460 872 3520 {uvtovF
942 3460 988 3514 ‘R
1005 3459 1049 3510 οἱ
1056 3451 1169 3505 *DXXXX
