2460 3848
121 183 163 248 88
482 179 596 234 Diodor.
606 178 670 234 XIX
684 185 727 235 σῖ.
737 185 780 234 56.

121 325 176 391 καί
204 329 371 410 καμήλους
400 323 667 411 παρεσκευάσατο
696 325 752 390 καί
780 326 861 407 μετὰ
888 330 946 408 τῆς
970 323 1142 405 δυνάμεως

84 449 100 498 ε
122 429 207 517 έχων
229 441 332 497 ταῦτα
354 438 502 516 προῆγεν
525 429 580 496 ἐπὶ
602 438 660 516 τῆς
683 432 909 514 Βαβυλωνίας.
946 429 984 496 έν
1005 429 1139 514 ήμέραις

122 536 152 603 δ’
181 539 286 604 ε’ίκοσι
314 539 370 603 καί
399 538 499 603 δυσίν
529 538 632 603 αὐτοῦ
662 541 926 622 καταντήσαντος
956 538 1003 614 είς
1030 539 1140 618 Βαβυ-

123 649 212 710 λῶνα
244 645 409 722 Σέλευκος
446 645 463 710 ὁ
501 651 559 729 τῆς
590 644 698 729 χώρας
734 644 902 731 σατράπης
936 645 1075 727 δωρεαῖς
1107 665 1140 707 τε

121 756 307 835 βασιλικαῖς
339 750 470 837 ἐτίμησε
500 752 562 816 τὸν
593 752 786 834 Ἀντίγονον
817 751 872 815 καί
903 752 965 835 τήν
997 751 1141 831 δύναμιν
1173 772 1184 812 ι

85 859 254 924 εάπασαν
285 859 457 924 εἱστίασεν.
512 867 572 924 τοῦ
604 855 635 922 δ’
668 854 861 940 Ἀντιγόνου
893 859 1015 940 λόγους
1046 856 1140 921 ἀπαι-

91 974 259 1041 ’τοῦντος
295 976 362 1030 τῶν
398 965 575 1050 προσόδων
611 964 673 1031 οὐκ
709 961 834 1048 έφησεν
870 963 1020 1050 ὀφείλειν
1056 963 1140 1046 ὑπὲρ

121 1072 241 1155 ταύτης
276 1077 335 1156 τῆς
365 1072 473 1156 χώρας
504 1070 640 1156 ὑπέχειν
672 1070 836 1155 εὐθύνας,
871 1071 915 1155 ήν
946 1070 1141 1147 Μακεδόνες

122 1179 211 1266 αὐτῷ
241 1178 405 1243 δεδώκασι
433 1179 490 1243 διά
518 1180 577 1255 τάς
604 1177 825 1262 γεγενημένας
846 1176 880 1255 ἐξ
904 1178 1008 1243 αὐτοῦ
1031 1178 1141 1262 χρείας

84 1283 334 1369 ιἈλεξάνδρου
367 1288 495 1363 ζῶντος.
551 1292 610 1369 τῆς
641 1285 680 1350 δέ
711 1286 875 1371 διαφορᾶς
905 1281 984 1350 καθ’
1015 1283 1140 1368 ἡμέραν
1161 1305 1186 1344 ιο

121 1391 303 1477 αὐξομένης
324 1391 341 1457 ὁ
361 1392 528 1468 Σέλευκος
550 1391 823 1476 ἀναλογιζόμενος
844 1393 885 1456 τά
904 1393 1040 1456 Πίθωνι
1059 1407 1140 1472 συμ-

121 1499 227 1583 βάντα
258 1499 412 1584 περιδεής
446 1494 489 1581 ήν
523 1502 648 1583 μήποτε
679 1499 877 1582 προφάσεως
909 1500 1089 1580 λαβόμενος
1121 1497 1139 1562 ὁ

117 1605 307 1689 Ἀντίγονος
335 1604 467 1670 ἀνελεῖν
499 1606 602 1671 αὐτὸν
625 1605 827 1695 έπιχειρήση·
860 1602 954 1692 ἐῴκει
976 1605 1038 1689 γάρ
1061 1606 1141 1681 τοὺς

121 1711 158 1778 ἐν
182 1709 341 1794 ἀξιώμασι
363 1723 430 1777 τῶν
454 1712 588 1795 ἀνδρῶν
610 1713 710 1789 ὄντας
731 1713 787 1777 καί
809 1711 1016 1794 δυναμένους
1036 1731 1141 1794 πραγ-

120 1818 233 1901 μάτων
270 1817 575 1902 ἀντιλαμβάνεσθαι
610 1818 737 1896 πάντας
770 1819 927 1883 σπεύδειν
959 1817 994 1884 bu
1025 1817 1141 1882 ποδῶν
1160 1838 1186 1878 ιε

86 1924 354 1991 εάπαλλάσσειν.
399 1923 491 1992 ταῦτ’
520 1921 584 1991 οὐν
613 1926 813 2009 εὐλαβηθεὶς
840 1924 1038 2008 ἐξεπήδησεν
1060 1926 1142 2006 μετά

120 2029 322 2117 πεντήκονθ’
350 2033 487 2116 ἱππέων,
517 2032 755 2113 διανοούμενος
784 2033 832 2108 είς
858 2032 1032 2116 Αἴγυπτον
1061 2031 1141 2096 ἀπο-

121 2148 242 2226 χωρεῖν
274 2141 358 2224 πρὸς
389 2144 612 2221 Πτολεμαῖον·
654 2140 846 2221 διεβεβόητο
875 2140 938 2223 γάρ
967 2139 988 2222 ή
1018 2139 1140 2203 τούτου

120 2249 302 2331 χρηστότης
330 2247 386 2312 καί
411 2248 450 2311 τὸ
477 2247 562 2332 πρὸς
588 2250 668 2322 τούς
689 2246 942 2328 καταφυγόντας
964 2243 1014 2310 ἐπ’
1037 2245 1141 2310 αὐτὸν

86 2349 249 2428 δέκτενὲς
278 2353 334 2418 καί
364 2354 616 2437 φιλάνθρωπον.
669 2351 686 2416 ὁ
717 2348 748 2415 δ’
778 2347 968 2436 Ἀντίγονος
997 2351 1142 2429 ἀκούσας
1160 2372 1187 2411 εο

121 2459 300 2542 περιχαρής
328 2455 371 2542 ήν
401 2457 455 2524 ἐπὶ
483 2469 529 2544 τῷ
558 2460 670 2524 δοκεῖν
698 2457 797 2534 αὐτὸς
824 2459 885 2541 μὲν
907 2460 951 2542 μή
976 2475 1142 2542 συνηναγ-

120 2563 246 2628 κάσθαι
274 2575 511 2649 προσενεγκεῖν
537 2567 596 2643 τὰς
617 2574 728 2651 χεῖρας
751 2564 851 2651 ἀνδρί
872 2567 959 2653 φίλφ
982 2566 1038 2630 καὶ
1062 2582 1142 2630 συν-

121 2671 335 2758 ηγωνισμένφ
363 2673 561 2757 προθύμως,
583 2674 643 2738 τὸν
666 2671 835 2738 Σέλευκον
858 2672 888 2737 δ’
910 2673 1013 2738 αὐτὸν
1037 2671 1140 2737 αὐτοῦ

121 2778 328 2860 καταγνόντα
371 2782 484 2864 φυγήν
527 2779 797 2865 παραδεδωκέναι
836 2781 898 2864 τήν
939 2781 1141 2863 σατραπείαν

88 2884 222 2970 ἰχωρδς
251 2883 391 2968 ἀγόνων
419 2887 475 2952 καί
503 2885 680 2952 κινδύνων.
731 2889 811 2969 μετά
840 2887 878 2952 δέ
906 2895 1010 2952 ταῦτα
1039 2903 1142 2972 προσ-
1160 2905 1186 2944 ει

122 2993 294 3056 ελθόντων
324 2991 413 3080 αὐτῷ
442 3004 510 3058 τῶν
537 2994 715 3059 Χαλδαίων
744 2993 799 3058 καί
825 2995 1059 3079 προλεγόντων
1086 2993 1141 3076 ὡς,

193 3184 458 3255 ἀκαταρτήσαντος
475 3185 508 3238 X.
563 3185 631 3241 4τε
655 3203 708 3241 om.
728 3186 759 3240 F.
813 3185 898 3240 θδιά
915 3206 944 3240 τε
963 3186 1013 3248 τάς
1031 3186 1056 3238 R
1075 3186 1141 3255 (del.

123 3262 147 3308 1.
168 3260 216 3323 m.)
241 3255 297 3311 XF.
369 3258 404 3312 11
430 3254 621 3326 αὐξανομένης
642 3256 675 3313 X.
748 3256 784 3311 18
809 3258 929 3329 ἀνελεῖν]
959 3258 1087 3323 ἀναιρεῖν
1110 3258 1141 3313 F.

122 3325 157 3380 15
180 3326 308 3382 ἐκποδὼν
327 3327 357 3383 F.
432 3327 468 3382 19
490 3330 719 3398 καταφεύγοντας
736 3329 767 3382 F.
837 3328 873 3382 20
895 3328 1003 3390 ἐκτενὲς
1020 3327 1072 3382 RX
1096 3328 1141 3398 (cf.

122 3396 204 3451 Diod.
227 3398 253 3452 H
276 3405 319 3466 24,
337 3405 365 3467 ὃς
391 3400 450 3455 Pol.
468 3398 532 3453 VIII
555 3405 630 3466 21,1
655 3401 778 3470 saepiusI
803 3398 914 3468 εὐμενές
932 3400 962 3453 F.
1018 3400 1142 3464 ἀκούσας

109 3466 298 3536 ἀνεννίρτησε
328 3472 379 3526 καὶ
411 3471 566 3542 περιχαρής
597 3466 632 3541 ήν
659 3472 690 3526 F.
766 3471 801 3526 21
834 3468 918 3533 αὐτὸς
949 3471 999 3540 μὲν
1033 3487 1085 3524 om.
1110 3472 1140 3526 F.

91 3531 136 3582 28
148 3538 245 3591 αὐτοῦ
260 3539 295 3596 Χ,
