2460 3848
125 204 187 268 118
470 161 780 257 7Ιιῑοωτιιώζιάιι.

121 346 323 424 τοπεδεύσας
359 349 583 431 συνεστήσατο
619 346 826 431 πολιορκίαν,
865 347 1141 430 φιλοτιμούμενος

119 450 157 518 ἐκ
174 454 300 530 παντὸς
317 455 443 539 τρόπον
461 452 601 519 κολάσαι
617 455 697 529 τούς
711 453 838 530 αἰτίους
851 463 909 537 τῆς
922 452 1141 531 ἀποστάσεως.

86 577 101 626 6
120 561 197 646 περί
219 570 322 626 ταῦτα
345 556 375 624 δ’
394 560 491 636 ὄντος
513 559 617 624 αὐτοῦ
639 559 793 643 παρῆσάν
810 582 899 636 τινες
916 559 1141 644 ἀπαγγέλλον-

119 690 173 744 τες
214 668 264 734 ότι
284 673 287 680 ’
305 667 367 732 δύο
414 665 572 748 δυνάμεις
616 663 820 732 ἀπέσταλκεν
856 665 1046 750 Ἀντίγονος
1086 665 1142 733 ἐπί

120 777 283 859 βοήθειαν
309 780 379 851 τοῖς
407 777 686 856 Καλλαντιανοῖς,
714 774 776 858 την
802 773 865 856 μὲν
890 775 986 860 πεζη,
1013 774 1075 857 την
1103 773 1141 840 δέ
1174 794 1186 836 ι

119 881 201 945 κατά
233 880 420 964 θάλασσαν,
451 880 507 946 καί
538 880 625 945 διότι
656 891 701 965 τῷ
734 880 796 963 μὲν
827 881 934 968 στόλφ
966 880 1089 946 Λύκων
1122 880 1139 946 ὁ

119 988 302 1072 στρατηγὸς
324 985 599 1072 παραπέπλευκεν
620 987 668 1063 είς
691 988 750 1052 τὸν
773 988 920 1070 Πόντον,
943 989 1141 1064 Παυσανίας

119 1093 150 1158 δ’
171 1091 256 1179 ἔχων
282 1094 343 1160 οὐκ
373 1093 508 1177 ὀλίγους
535 1093 735 1179 στρατιώτας
761 1094 838 1179 περί
866 1095 904 1159 τὸ
927 1094 1194 1177 καλούμενονειο

84 1198 220 1286 ιἹερὸν
260 1199 630 1286 κατεστρατοπέδευσεν.
699 1198 754 1286 ἐφ’
793 1191 844 1278 οίς
887 1200 907 1266 ὁ
948 1203 1141 1287 Λυσίμαχος

118 1308 354 1394 διαταραχθείς
385 1305 439 1373 ἐπὶ
470 1306 532 1389 μὲν
564 1317 622 1391 της
651 1308 844 1393 πολιορκίας
873 1306 1034 1373 ἀπέλιπεν
1061 1311 1141 1386 τούς
1160 1329 1186 1370 ιο

107 1416 255 1492 ,ἱκανοὺς
288 1415 502 1500 στρατιώτας,
536 1415 574 1479 τὸ
609 1414 647 1480 δὲ
676 1414 852 1500 κράτιστον
881 1425 939 1500 τῆς
968 1415 1140 1497 δυνάμεως

118 1521 296 1604 ἀναλαβών
337 1519 436 1598 αὐτὸς
476 1520 644 1605 ἠπείγετο,
685 1521 841 1587 σπεύδων
882 1520 1029 1605 συνάψαι
1069 1532 1140 1599 τοίς

82 1645 99 1694 8
117 1629 295 1710 πολεμίοις.
336 1628 605 1712 παραγενόμενος
628 1627 666 1693 δέ
689 1626 744 1693 ἐπί
766 1630 828 1714 τὴν
850 1629 933 1694 κατὰ
950 1629 1010 1694 τὸν
1028 1620 1140 1711 Αἷμον

117 1734 309 1820 ὑπερβολὴν
345 1729 421 1819 εὗρε
454 1734 595 1819 Σεύθην
630 1735 691 1801 τὸν
726 1735 864 1818 βασιλέα
895 1745 963 1800 τῶν
997 1739 1139 1823 Θρακῶν

118 1841 326 1927 ἀφεστηκότα
349 1842 432 1926 πρὸς
452 1837 646 1925 Ἀντίγονον
668 1843 749 1924 μετά
771 1847 905 1907 πολλῶν
928 1852 1139 1927 στρατιωτῶν
1158 1862 1184 1904 ιι

82 1947 334 2034 9φυλάσσοντα
364 1949 423 2026 τάς
455 1949 632 2034 παρόδους.
674 1949 826 2028 συνάψας
857 1949 890 2013 δ’
911 1948 1000 2034 αὐτῷ
1030 1948 1139 2033 μάχην

117 2052 171 2141 ἐφ’
192 2056 307 2121 ἱκανὸν
329 2057 454 2142 χρόνον
475 2067 543 2122 τῶν
565 2079 601 2121 τε
625 2056 721 2121 ίδίων
740 2054 904 2137 ἀπέβαλεν
923 2054 1139 2139 οὐκ-ὀλίγους

116 2161 172 2229 καί
199 2173 266 2227 τών
294 2165 461 2246 πολεμίων
488 2161 617 2239 ἀνελὼν
644 2166 855 2246 παμπληθεῖς
877 2160 1031 2244 ἐβιάσατο
1059 2165 1139 2239 τούς

65 2286 98 2335 10
117 2269 316 2356 βαρβάρους.
352 2267 525 2353 ἐπιφανείς
548 2268 658 2334 δὲκαὶ
676 2277 746 2346 τοίς
764 2268 918 2353 περίτὸν
937 2271 1139 2335 Παυσανίαν

116 2377 172 2442 καί
198 2376 394 2459 καταλαβών
422 2374 545 2469 αὐτοὺς
571 2376 619 2452 είς
646 2375 833 2460 δυσχωρίας
864 2378 1139 2460 συμπεφευγότας
1157 2397 1184 2438 ιο

116 2485 238 2559 ταύτας
266 2481 296 2546 τ’
320 2480 570 2567 ἐξεπολιόρκησε
599 2481 654 2548 καί
684 2483 884 2548 Παυσανίαν
914 2482 1043 2549 ἀνελὼν
1070 2494 1138 2549 τών

118 2598 327 2673 στρατιωτῶν
356 2588 415 2665 οὓς
441 2588 503 2671 μὲν
530 2586 727 2675 ἐλύτρωσεν,
754 2588 814 2666 οὓς
838 2588 877 2654 δὲ
899 2590 947 2666 είς
969 2591 1027 2667 τάς
1051 2591 1138 2668 ίδίας

116 2692 223 2773 τάξεις
258 2694 431 2777 διένειμεν.
485 2696 526 2762 τά
561 2695 623 2778 μέν
660 2689 723 2762 οὖν
759 2695 835 2781 περὶ
867 2697 1063 2782 Λυσίμαχον
1100 2695 1139 2768 ἐν

11 2878 13 2883 ,
116 2802 247 2878 τούτοις
268 2799 320 2885 ἦν.

64 2909 106 2974 74
183 2907 218 2974 Ὁ
253 2905 283 2973 δ’
312 2907 500 2992 Ἀντίγονος
532 2910 709 2995 ἀποτυχὼν
740 2911 860 2994 ταύτης
891 2920 950 2995 τῆς
981 2908 1138 2996 ἐπιβολῆς
1156 2931 1183 2974 ιι

116 3015 275 3099 ἐξέπεμψε
309 3017 519 3101 Τελεσφόρον
553 3018 601 3093 είς
630 3018 904 3102 Πελοπόννησον,
934 3016 1014 3093 δοὺς
1047 3015 1136 3103 αὐτῷ

115 3127 321 3209 πεντήκοντα
355 3130 438 3199 ναῦς
469 3122 525 3188 καί
557 3123 757 3208 στρατιώτας
787 3126 865 3201 τοὺς
900 3123 1049 3207 ἱκανούς,
1080 3124 1137 3189 καί

187 3280 245 3336 45
268 3280 315 3336 ἐπὶ
338 3279 476 3351 βοήθειαν
531 3279 712 3349 οηδήσωνδ.
782 3278 909 3336 offan
973 3280 1136 3337 90f.Pt01.

115 3351 224 3419 V1,2.
298 3351 333 3406 1⁰
355 3280 847 3442 pivomqfiflsupmznss
780 3349 959 3406 2122&ssth
1033 3351 1137 3407 lfiu'al

102 3422 182 3488 μετά
195 3423 227 3477 F.
303 3422 340 3479 16
355 3350 619 3492 φνλασσόντωνδρ
683 3422 719 3478 18
741 3423 790 3477 κοιλ
812 3431 868 3477 τῶν
886 3420 1025 3493 πολεμίων
1044 3424 1136 3478 ἀνεῖλε

73 3494 379 3636 Ζῖᾱὲἕέἑῑῖξντρῖἒ
388 3493 817 3628 Ιβριλρβγρὲρουςσοβιραφάμέυοςδ
893 3494 930 3548 20
954 3494 1003 3549 καὶ
1029 3511 1082 3549 om
1105 3495 1135 3551 F

454 3591 469 3628 ο
511 3591 567 3642 ννη
