2460 3848
128 186 192 252 122
473 180 798 237 οῑοοοε.ΧιΧτε-ττ.

127 328 281 412 έκαυσαν,
309 323 387 412 παρ’
406 327 521 411 ὀλίγον
549 327 586 392 δέ
613 327 669 392 καί
696 326 803 404 πάσας
832 326 1045 412 διέφθειραν·
1077 337 1148 405 τοῖς

126 432 157 500 δ’
180 424 431 516 ἐλαττουμένοις
458 433 727 519 παραγενομένης
756 435 917 518 βοηθείας
940 432 972 512 ἐξ
993 433 1148 518 Ἀθηνῶν

125 540 333 608 ἐπέπλευσαν
370 542 403 607 ολ
439 539 515 625 περὶ
551 541 755 626 Κάσανδρον
790 548 1041 626 καταφρονοῦσι
1077 550 1148 619 τοῖς

125 651 301 731 πολεμίοις.
345 649 570 731 συμβαλόντες
589 647 619 711 δ’
642 647 755 724 αὐτοῖς
772 648 853 729 μίαν
870 647 932 730 μὲν
950 647 1147 732 κατέδυσαν,

125 765 214 841 τρεῖς
242 754 272 820 δ’
296 754 504 840 αὐτάνδρους
533 750 663 837 ἐλαβον.
689 754 765 820 ’καί
796 755 836 819 τά
865 753 927 836 μέν
953 754 1148 840 πραχθέντα
1180 776 1193 816 ε

124 862 201 947 περί
224 863 285 946 την
303 860 446 927 Ἑλλάδα
468 861 524 925 καλ
547 862 606 926 τὸν
629 861 766 926 Πόντον
787 857 911 926 τοιαῦτ’
933 857 985 945 ην.

73 969 114 1034 76
196 970 291 1034 Κατά
320 968 358 1033 δέ
387 969 449 1051 την
473 963 615 1033 Ἰταλίαν
638 972 803 1060 Σαμνῖται
831 966 893 1049 μὲν
915 969 996 1050 μετά
1019 972 1202 1053 πολληςεῖε

125 1076 297 1158 δυνάμεως
338 1070 483 1165 ἐπῄεσαν
524 1081 734 1160 πορθοῦντες
769 1084 837 1139 τῶν
872 1071 943 1140 κατ’
979 1070 1148 1140 *Ἰταλίαν

125 1184 254 1249 πόλεων
274 1183 349 1249 ὅσαι
368 1191 437 1258 τοῖς
453 1179 617 1258 ἐναντίοις
635 1182 912 1266 συνηγωνίζοντο,
931 1182 964 1247 οἱ
982 1178 1013 1246 δ’
1026 1181 1148 1247 ὕπατοι

125 1300 192 1355 τῶν
207 1287 373 1372 Ῥωμαίων
402 1290 483 1371 μετά
506 1287 732 1373 στρατοπέδου
756 1290 1021 1373 παραγενόμενοι
1043 1309 1148 1374 παρα·
1168 1312 1194 1353 ιο

122 1400 268 1482 ,βοηθεῖν
290 1395 469 1482 ἐπειρῶντο
492 1405 562 1473 τοῖς
584 1395 845 1461 κινδυνεύουσιν
867 1405 935 1460 τῶν
957 1394 1146 1480 συμμάχων.

89 1522 104 1569 2
124 1503 530 1589 ἀντεστρατοπεδεύσαντο
558 1502 596 1568 δέ
623 1512 693 1580 τοῖς
722 1502 893 1583 πολεμίοις
915 1503 991 1588 περί
1015 1504 1147 1568 Κίνναν

123 1613 224 1677 πάλιν
241 1612 296 1676 καί
314 1610 440 1694 ταύτην
457 1609 519 1692 μέν
538 1609 645 1687 εὐθὺς
664 1607 827 1695 ἐρύσαντο
845 1618 914 1674 τῶν
932 1607 1148 1690 ἐπικειμένων

125 1719 252 1803 φόβων,
275 1713 344 1799 μετ’
371 1716 486 1800 ὀλίγας
513 1716 544 1781 δ’
565 1715 688 1802 ἡμέρας
715 1712 921 1792 ἐκταξάντων
949 1713 1147 1802 ἀμφοτέρων

124 1826 182 1902 τάς
211 1823 369 1906 δυνάμεις
394 1822 527 1908 ἐγένετο
556 1823 642 1909 μάχη
672 1823 815 1908 καρτερά
845 1822 900 1887 καί
923 1824 1041 1908 συχνοί
1064 1820 1143 1910 παρ’
1167 1845 1193 1886 ιε

124 1930 324 2017 ἀμφοτέροις
342 1927 471 1997 ἔπεσον.
512 1933 549 1996 τὸ
569 1930 607 1996 δέ
624 1930 718 2007 τέλος
736 1931 769 1994 ολ
783 1927 934 2010 Ῥωμαῖοι
952 1929 1149 2012 βιασάμενοι

123 2040 206 2104 κατά
236 2038 356 2125 κράτος
387 2036 620 2123 περιεγένοντο
652 2048 720 2102 τῶν
751 2037 930 2120 πολεμίων,
961 2034 1016 2102 ἐπί
1038 2040 1148 2103 πολὺν

124 2146 162 2212 δὲ
182 2148 306 2232 χρόνον
324 2146 526 2232 χρησάμενοι
543 2153 589 2232 τῷ
613 2143 747 2230 διωγμῷ
766 2145 903 2221 πλείους
924 2154 993 2209 τῶν
1014 2145 1148 2230 μυρίων

88 2252 267 2319 3άνεῖλον.
316 2253 372 2317 καί
403 2262 461 2335 τῆς
491 2251 596 2335 μάχης
628 2248 856 2334 ἀγνοουμὲνης
888 2247 936 2316 έτι
968 2251 1147 2333 Καμπανοί

122 2358 184 2441 μὲν
213 2362 526 2445 καταφρονήσαντες
554 2367 622 2424 τῶν
641 2354 808 2438 Ῥωμαίων
838 2357 1037 2442 ἀπέστησαν,
1067 2357 1085 2423 ὁ
1110 2358 1148 2425 δὲ
1166 2380 1194 2421 ω

123 2466 226 2549 δῆμος
259 2466 365 2542 εὐθὺς
398 2464 543 2546 δύναμίν
574 2486 610 2528 τε
642 2464 704 2549 τὴν
738 2464 856 2549 ἱκανὴν
888 2462 1068 2547 ἐξέπεμψεν
1092 2461 1144 2530 ἐπ’

123 2571 246 2648 αὐτοὺς
281 2571 337 2636 καί
378 2571 563 2657 στρατηγὸν
605 2569 832 2657 αὐτοκράτορα
869 2571 974 2637 Γάιον
1009 2571 1148 2638 Μάνιον

193 2763 211 2818 8
238 2763 374 2818 ἔπλευσαν
400 2764 430 2818 Κ.
509 2763 570 2819 3.4
597 2772 842 2834 καταφρονοῦντες
868 2773 923 2818 τῶν
951 2761 1089 2834 πολεμίων
1116 2765 1145 2820 F.

122 2835 140 2891 4
159 2832 343 2906 συμβαλόντες
362 2833 389 2890 δ’
408 2835 515 2908 αὐτοῖς]
534 2836 584 2890 καὶ
597 2834 656 2890 RX.
711 2835 820 2890 θνατὰ
838 2835 889 2906 τὴν
904 2833 944 2889 ‘E
960 2835 990 2890 F.
1043 2833 1147 2891 λἸτα-

122 2907 186 2962 λικὰ
200 2907 225 2961 R
238 2908 269 2961 in
283 2923 371 2976 marg.
387 2909 422 2975 (3.
437 2909 494 2976 m.).
553 2907 571 2962 8
589 2905 662 2961 κατὰ
679 2906 731 2977 τὴν
745 2903 868 2962 Ἰταλίαν
881 2904 917 2974 F3
934 2904 1056 2961 Ἰταλίαν
1070 2910 1147 2963 verte

121 2980 287 3034 mendosum
308 2978 354 3048 (cf.
377 2977 428 3031 XX
447 2984 490 3045 26,
506 2980 545 3048 3);
568 2977 769 3034 Binneboessel
787 2978 804 3032 l.
819 2977 838 3033 l.
857 2996 885 3046 p.
900 2983 934 3033 57
950 2984 1001 3032 αἱ
1025 2983 1148 3047 Καμπα-

121 3049 188 3106 νίαν
207 3049 385 3106 scribendum
404 3065 464 3104 esse
484 3051 586 3104 censet.
642 3049 677 3104 12
696 3050 1046 3118 ἀναστρατοπεδεύσαντες
1059 3049 1082 3102 Ε
1096 3050 1147 3119 qui

121 3128 195 3176 v.13
219 3122 268 3177 καί
291 3138 345 3176 om.
400 3119 522 3192 Κίνναν]
549 3119 642 3175 Κίναν
665 3120 700 3189 Κ;
725 3120 793 3175 urbs
816 3120 915 3191 ignota
941 3121 986 3191 (cf.
1005 3120 1088 3174 Nieb.
1107 3121 1148 3175 HI

121 3211 149 3262 p.
171 3198 237 3258 2033
265 3194 367 3248 Κεοεεῖ
388 3191 407 3249 l.
426 3192 444 3248 l.
468 3210 496 3262 p.
512 3197 564 3247 732
579 3208 604 3247 ε.
617 3199 645 3258 13
672 3192 707 3248 de
733 3192 839 3247 Caudio
866 3193 933 3263 (Liv.
958 3191 996 3245 IX
1015 3194 1059 3260 27)
1084 3209 1146 3263 cog.

121 3263 203 3334 Pflug
221 3264 254 3319 D.
269 3283 297 3321 u.
312 3264 369 3318 Liv.
386 3263 428 3317 οΙε
443 3262 560 3328 Quellen
578 3264 604 3317 d.
620 3269 635 3316 2
651 3264 743 3318 S.-Kr.
758 3281 786 3332 p.
798 3269 827 3328 ῖς
846 3264 910 3331 περὶ
929 3260 1146 3336 <Ταρα>κίναν

122 3335 207 3390 scribi
232 3336 315 3390 iussit
339 3335 448 3405 Burger
469 3353 525 3390 mn.
546 3333 612 3388 XVI
634 3353 662 3404 p.
678 3341 725 3403 823
744 3332 841 3389 VAW.
855 3335 944 3389 Amet.
961 3353 988 3388 n.
1003 3353 1025 3389 r.
1044 3334 1070 3387 H
1089 3337 1146 3405 (99)

107 3423 139 3470 p.
159 3412 200 3459 62.
222 3413 268 3474 77;
292 3407 327 3462 cf.
347 3406 467 3461 Schiller
489 3406 569 3460 Burs.
588 3405 715 3461 Jahresb.
731 3411 764 3460 87
779 3405 819 3460 ΠΙ
836 3423 864 3475 p.
879 3411 944 3473 2913
963 3405 1082 3460 Binneb.
1097 3405 1145 3462 1.1.

92 3487 132 3559 ⁴⁰⁶2
143 3477 199 3540 68).
253 3477 296 3532 13
313 3477 455 3547 ἐρύσαντο
474 3477 552 3535 libri.
597 3477 634 3535 18
653 3474 753 3550 χρόνον
784 3473 872 3532 τόπον
886 3477 916 3532 F.
974 3476 1009 3532 19
1027 3497 1042 3531 τ
1062 3498 1076 3539 ς
1094 3477 1146 3546 μὲν

76 3545 223 3608 Μῖησῖῖῖ
253 3548 431 3610 Mamor
441 3552 513 3610 libri
523 3569 627 3610 omnes
637 3549 738 3625 (effi
777 3548 1056 3620 mfflmeximffiw.
1100 3554 1150 3602 22).

17 3756 32 3812 λ
