2460 3848
111 198 177 264 204
478 194 763 250 Diodor.xx22.23.

113 343 222 419 λππελς
257 341 319 424 μὲν
351 337 436 425 ἔχων
472 340 685 427 δισμυρίους,
721 343 838 420 πεζοὺς
875 341 913 408 δέ
949 342 1133 427 δισχιλίους

75 450 193 535 επρὸς
225 458 295 526 τοίς
326 449 522 534 δισμυρίοις.
578 448 758 534 γενομένης
789 448 828 515 δέ
859 448 963 533 μάχης
996 450 1134 535 ἰσχυρᾶς

110 557 264 642 Σάτυρος
300 555 362 639 μὲν
394 551 479 640 έχων
511 554 588 640 περί
624 552 745 621 ἑαυτὸν
781 553 972 633 ἐπιλέκτους
1008 556 1134 642 ἀνδρας

113 665 315 748 ἱππομαχίαν
345 665 570 747 συνεστήσατο
601 664 686 747 πρὸς
714 665 794 740 τοὺς
825 663 902 749 περὶ
927 659 1135 749 Ἀριφάρνην

111 770 357 855 ἀνθεστηκότας
379 770 462 834 κατὰ
484 767 588 854 μέσην
611 770 673 853 τὴν
695 768 789 848 τάξιν
811 770 867 835 καί
894 775 1029 835 πολλῶν
1051 766 1129 856 παρ’
1167 790 1179 831 ι

111 876 310 963 ἀμφοτέροις
332 879 505 942 πεσόντων
522 876 617 953 τέλος
639 874 875 960 ἐκβιασάμενος
896 875 1055 963 ἐτρέψατο
1073 878 1135 942 τὸν

75 1001 91 1049 ε
111 984 249 1067 βασιλέα
275 982 554 1068 τῶνβαρβάρων.
599 983 655 1049 καί
682 983 720 1047 τὸ
745 983 807 1066 μὲν
829 994 963 1070 πρῶτον
986 981 1133 1049 ἐπέκειτο

112 1091 267 1176 φονεύων
290 1093 369 1167 τοὺς
394 1089 446 1154 ἀεὶ
472 1089 840 1173 καταλαμβανομένους·
869 1087 938 1173 μετ’
957 1089 1073 1173 ὀλίγον
1096 1090 1134 1156 δέ

111 1199 304 1280 πυθόμενος
332 1198 392 1262 τὸν
422 1195 571 1282 ἀδελφὸν
598 1197 758 1282 Εὔμηλον
787 1206 962 1283 προτερείν
990 1197 1066 1282 περί
1095 1198 1134 1262 τὸ

111 1302 221 1382 δεξιὸν
252 1303 350 1390 κέρας
382 1303 438 1369 καί
469 1305 549 1381 τοὺς
581 1300 660 1389 παρ’
688 1303 776 1390 αὐτῷ
813 1306 1048 1390 μισθοφόρους
1083 1327 1135 1369 τε·
1154 1326 1180 1366 ιο

111 1411 262 1497 τράφθαι
291 1420 352 1476 τοῦ
381 1410 444 1493 μὲν
471 1410 605 1475 διώκειν
635 1409 774 1496 ἀπέστη,
803 1414 1067 1496 παραβοηθήσας
1096 1411 1135 1477 δὲ

111 1527 180 1595 τοῖς
206 1516 400 1602 ἡττημένοις
427 1517 482 1583 καί
505 1517 543 1581 τὸ
567 1516 726 1602 δεύτερον
749 1517 853 1595 α’ίτιος
876 1520 1054 1602 γενόμενος
1077 1527 1135 1602 τῆς

110 1627 205 1709 νίκης
232 1625 321 1689 άπαυ
348 1622 507 1710 ἐτρέψατο
534 1634 602 1689 τῶν
632 1626 800 1707 πολεμίων
829 1625 867 1689 τὸ
895 1625 1133 1710 στρατόπεδον,

111 1731 194 1796 ὥστε
221 1739 303 1796 πᾶσι
330 1731 489 1815 γενέσθαι
513 1732 662 1817 φανερὸν
685 1731 737 1797 ότι
763 1731 819 1797 καί
845 1733 927 1797 κατά
954 1731 1052 1816 γένος
1078 1734 1135 1800 καί

110 1837 181 1903 κατ’
203 1837 324 1924 ἀρετὴν
351 1848 522 1925 προσῆκον
548 1834 592 1922 ἦν
620 1838 709 1924 αὐτῷ
740 1836 955 1922 διαδέχεσθαι
982 1840 1045 1924 την
1072 1861 1135 1905 πα·
1154 1859 1179 1900 ιε

56 1941 221 2034 23τρςόαν
243 1948 426 2028 βασιλείαν.
473 1946 505 2010 οἱ
528 1944 566 2009 δὲ
589 1944 666 2030 περί
688 1945 748 2009 τὸν
768 1943 973 2031 Ἀριφάρνην
995 1946 1135 2012 καὶτὸν

110 2053 269 2136 Εὔμηλον
302 2051 497 2138 λειφθέντες
529 2049 567 2117 ἐν
597 2060 638 2137 τῇ
670 2051 756 2142 μάχη
790 2050 984 2136 συνέφυγον
1014 2054 1062 2133 είς
1093 2056 1135 2120 τά

110 2161 269 2243 βασίλεια.
311 2168 414 2225 ταῦτα
438 2155 469 2223 δ’
488 2155 592 2224 έκειτο
615 2158 677 2242 μὲν
700 2159 790 2244 παρά
812 2159 873 2224 τὸν
898 2158 1010 2243 Θάτην
1033 2180 1135 2225 ποτα-

110 2268 185 2350 μόν,
208 2265 245 2343 ὃς
267 2265 453 2352 περιρρέων
472 2266 556 2330 αὐτὰ
578 2265 634 2330 καί
656 2264 765 2348 βάθος
788 2263 873 2350 έχων
894 2266 1009 2331 ἱκανὸν
1028 2264 1135 2332 ἐποίει

111 2374 332 2459 δυσπρόσιτα,
360 2373 542 2458 περιείχετο
571 2372 610 2438 δὲ
636 2380 796 2458 κρημνοίς
818 2373 987 2457 μεγάλοις,
1019 2370 1068 2438 ἔτι
1098 2375 1131 2438 δ’
1153 2397 1179 2438 εο

109 2479 192 2564 ὕλης
218 2482 356 2564 πλήθει,
385 2480 444 2556 τὰς
472 2478 579 2556 πάσας
606 2480 755 2562 είςβολάς
785 2479 848 2545 δύο
878 2476 997 2564 έχοντα
1025 2503 1135 2566 χειρο-

110 2590 283 2672 ποιήτους,
320 2580 368 2650 ὧν
398 2586 419 2669 ἡ
456 2586 518 2668 μὲν
549 2583 593 2671 ην
625 2585 662 2652 ἐν
695 2586 808 2663 αὐτοῖς
840 2596 909 2664 τοῖς
940 2589 1134 2673 βασιλείοις,

111 2692 311 2779 ὠχυρωμένη
335 2692 476 2776 πύργοις
497 2692 640 2778 ὑψηλοῖς
662 2693 717 2759 καί
740 2696 1023 2778 προτειχίσμασιν,
1051 2695 1073 2779 η
1098 2695 1131 2760 δ’

111 2798 146 2865 ἐκ
178 2798 325 2885 θατέρου
356 2798 478 2883 μέρους
509 2798 547 2865 ἐν
579 2799 688 2866 ἕλεσιν
720 2799 861 2886 ὑπῆρχε,
894 2801 1133 2887 φρουρουμένη

180 3063 198 3117 3
221 3060 308 3117 αὐτὸν
326 3062 358 3117 X.
432 3063 604 3134 δέοτήοατο
622 3065 653 3130 F,
674 3081 742 3119 corr.
762 3071 838 3119 λου.
912 3065 948 3120 14
965 3063 1009 3120 ότι
1027 3082 1081 3121 om.
1101 3068 1133 3124 F.

110 3134 146 3189 15
168 3135 301 3201 πατρόαν
319 3132 353 3189 Χ.
425 3135 460 3190 17
483 3132 640 3205 ληφθέντες
657 3137 687 3191 F.
743 3135 774 3191 έν
798 3136 852 3191 del.
873 3137 962 3192 Herll.
984 3137 1023 3191 III
1045 3155 1073 3206 p.
1089 3144 1134 3194 36.

111 3201 283 3275 συνέφευγον
310 3206 340 3259 F.
419 3207 455 3262 18
482 3207 573 3276 Αάχλν
601 3207 757 3262 Ptolemaei
789 3208 825 3274 (V
849 3211 937 3278 8,14)
969 3208 1135 3280 intelligen-

110 3276 178 3330 dum
197 3293 257 3331 οεεο
276 3280 371 3332 censet
389 3277 547 3333 Boeckhius
566 3277 627 3344 1.1.,
649 3278 763 3346 Σεράκα
782 3279 873 3348 (ibid.)
891 3280 995 3334 rectius
1014 3280 1136 3336 Mueller

108 3365 137 3416 p.
155 3352 215 3402 904.
262 3347 368 3404 ἔκειντο
391 3350 421 3403 F.
469 3348 577 3421 Θάτην]
601 3351 665 3405 vide
689 3367 774 3419 supra
795 3352 832 3405 ad
851 3357 894 3419 22,
909 3357 933 3405 3.
1006 3351 1042 3407 20
1066 3355 1135 3408 δυο-

98 3415 240 3485 mmor
270 3421 298 3475 R
330 3423 411 3494 (corr.
439 3427 463 3475 2.
487 3438 537 3488 m.3
569 3420 670 3492 Wess.)
702 3420 758 3476 XF.
844 3422 878 3478 21
911 3421 1004 3492 ἔχοντι
1036 3425 1133 3493 codd.;

71 3501 159 3613 ῧιοῃιγ,
195 3491 286 3549 Diaei,
383 3493 420 3551 23
454 3493 472 3567 η
506 3493 538 3551 δὲ
570 3491 640 3549 καθ’
674 3489 767 3562 ἐτέρου
800 3491 899 3562 μέρους
933 3494 1028 3561 οοόό.;
1061 3513 1133 3552 corr.
