2460 3848
119 206 186 272 252
473 202 587 257 Diodor.
597 201 649 254 XX
662 207 784 256 ὁλ-σλ.

120 347 319 433 εφθάρησαν
338 348 377 414 δέ
394 349 471 434 περὶ
494 348 710 432 ὀγδοήκοντα,
732 346 772 424 άς
794 351 929 432 πλήρεις
952 347 1055 424 ούσας
1077 353 1141 412 θα-

120 454 238 539 λάττης
268 458 456 540 κατήγαγον
487 456 521 521 ολ
551 458 774 540 κρατήσαντες
805 455 853 531 εἰς
887 456 949 538 τήν
980 454 1064 538 πρὸς
1099 463 1140 539 τῇ

119 564 215 628 πόλει
233 563 499 649 στρατοπεδείαν.
536 560 705 646 διεφθάρη
724 561 762 626 δὲ
781 560 837 626 καί
858 571 927 626 τῶν
945 563 1140 646 Δημητρίου

120 679 259 753 σκαφῶν
282 669 400 736 εἴκοσι·
427 669 536 735 πάντα
561 669 599 735 δέ
621 678 678 753 τής
701 668 934 753 προσηκούσης
956 666 1142 751 ἐπιμελείας

119 779 263 861 τυχόντα
285 779 458 862 παρείχετο
481 778 539 853 τάς
562 775 767 861 ἁρμοζούσας
789 777 907 861 χρείας.
1173 797 1186 837 ι

66 917 109 983 53
190 920 288 984 Μετὰ
311 919 473 984 δὲταῦτα
492 922 699 1001 Πτολεμαῖος
722 918 891 1001 ἀπογνοὺς
912 919 952 982 τά
974 918 1057 982 κατὰ
1079 918 1142 1001 τήν

120 1025 263 1110 Κύπρον
290 1023 418 1111 ἀπῆρεν
445 1027 493 1103 εἰς
519 1024 703 1110 Αἴγυπτον.
749 1029 940 1110 Δημήτριος
970 1024 1007 1089 δὲ
1034 1024 1141 1102 πάσας

119 1133 178 1208 τὰς
207 1129 244 1197 ἐν
273 1141 314 1218 τή
344 1135 435 1220 νήσφ
465 1134 578 1209 πόλεις
607 1132 810 1218 παραλαβὼν
839 1132 894 1196 καί
924 1132 1002 1209 τούς
1035 1155 1141 1215 φρου-

120 1247 263 1323 ροῦντας
286 1240 500 1325 στρατιώτας,
522 1239 663 1316 τούτους
685 1238 747 1320 μὲν
768 1240 815 1315 εἰς
837 1235 943 1316 τάξεις
966 1238 1142 1324 κατεχώρι-

120 1362 189 1430 σεν,
212 1346 311 1424 όντας
331 1348 449 1426 πεζούς
466 1346 528 1429 μὲν
546 1348 688 1431 μυρίους
705 1343 945 1429 ἑξακισχιλίους
964 1361 1141 1429 συντεταγ-
1159 1367 1186 1408 ιο

118 1452 250 1537 μένους,
276 1454 385 1529 ἱππεῖς
403 1453 441 1518 δὲ
459 1453 535 1537 περὶ
554 1451 756 1536 ἑξακοσίους,
779 1452 862 1536 πρὸς
880 1451 918 1517 δὲ
937 1452 998 1518 τὸν
1016 1451 1141 1536 πατέρα

118 1559 241 1645 ταχέως
268 1558 448 1642 ἐμβιβάσας
476 1561 524 1636 εἰς
550 1561 611 1643 τήν
638 1561 798 1644 μεγίστην
820 1567 908 1624 ναῦν
930 1561 1009 1636 τοὺς
1036 1559 1142 1642 δηλώ-

83 1682 240 1744 ισοντας
266 1667 342 1750 περὶ
369 1677 436 1731 τῶν
463 1665 752 1752 κατορθωθέντων
780 1662 1014 1743 ἐξαπέστειλεν.
1061 1664 1079 1730 ὁ
1108 1665 1138 1730 δ’

116 1770 304 1857 Ἀντίγονος
318 1773 511 1854 πυθόμενος
524 1773 586 1856 τήν
600 1771 824 1857 γεγενημένην
838 1773 936 1856 νίκην
949 1773 1005 1838 καὶ
1023 1794 1142 1855 μετεω-

120 1880 251 1964 ρισθείς
268 1878 323 1945 ἐπί
341 1890 387 1966 τῷ
406 1878 542 1964 μεγέθει
557 1888 618 1945 τοῦ
633 1882 878 1966 προτερήματος
893 1879 1037 1963 διάδημα
1050 1900 1142 1962 περι·
1160 1902 1187 1943 ιι

120 1986 216 2053 έθετο
239 1987 355 2052 καὶτὸ
380 1987 498 2052 λοιπὸν
519 1984 708 2071 ἐχρημάτιζε
730 1985 902 2068 βασιλεύς,
925 1989 1142 2071 συγχωρήσας

118 2093 174 2160 καί
203 2105 248 2181 τῷ
278 2096 459 2182 Δημητρίῳ
489 2104 547 2179 τῆς
577 2092 678 2176 αὐτῆς
710 2093 887 2179 τυγχάνειν
916 2096 1142 2179 προσηγορίας

83 2201 174 2266 ικαὶ
198 2210 301 2284 τιμῆς.
348 2200 366 2266 ὁ
390 2201 427 2266 δὲ
451 2204 657 2282 Πτολεμαῖος
681 2199 782 2265 οὐδὲν
804 2209 845 2286 τῇ
867 2210 958 2286 ψυχή
982 2222 1141 2266 ταπεινω-

118 2307 193 2386 θείς
216 2308 272 2373 διά
294 2310 356 2393 τήν
378 2303 481 2391 ήτταν
499 2307 554 2371 καί
578 2306 678 2383 αὐτὸς
701 2306 822 2389 ὁμοίως
844 2305 985 2390 ἀνέλαβε
1007 2309 1045 2374 τὸ
1070 2309 1141 2374 διά-

119 2416 207 2498 δημα
240 2415 295 2479 καί
326 2415 410 2498 πρὸς
441 2413 588 2491 ἅπαντας
620 2413 809 2500 ἀνέγραφεν
842 2414 962 2480 ἑαυτὸν
994 2415 1140 2497 βασιλέα.
1159 2437 1187 2477 ιο

82 2537 99 2584 4
118 2522 354 2607 παραπλησίως
378 2519 415 2585 δὲ
438 2520 568 2597 τούτοις
590 2520 646 2585 καί
670 2522 702 2586 ολ
725 2520 836 2587 λοιποί
863 2521 1025 2587 δυνάσται
1048 2525 1141 2606 ζηλο-

118 2630 324 2711 τυπήσαντες
360 2626 568 2713 ἀνηγόρευον
604 2625 744 2704 ἑαυτοὺς
775 2630 937 2711 βασιλεῖς,
969 2628 1194 2707 Σέλευκος446

118 2734 180 2817 μὲν
207 2734 408 2820 προσφάτως
434 2735 493 2811 τὰς
520 2736 588 2800 ἀνω
617 2737 816 2819 σατραπείας
845 2735 1140 2820 προσκεκτημένος,

118 2843 310 2926 Λυσίμαχος
338 2841 376 2906 δὲ
402 2841 459 2906 καί
481 2841 681 2926 Κάσανδρος
707 2843 766 2919 τὰς
793 2840 826 2920 ἐξ
854 2842 956 2929 ἀρχῆς
981 2844 1141 2920 δοθείσας

118 2949 255 3033 μερίδας
282 2950 525 3033 διατηροῦντες.
574 2950 668 3033 ἡμεῖς
695 2948 733 3013 δὲ
759 2948 836 3034 περί
862 2949 991 3015 τούτων
1021 2950 1141 3027 ἱκανῶς
1159 2971 1187 3011 τι

119 3058 285 3141 εἰρηκότες
307 3053 345 3121 έν
362 3055 455 3141 μέρει
478 3053 622 3137 διέξιμεν
640 3055 806 3140 περὶτῶν
829 3057 911 3120 κατὰ
929 3057 1061 3140 Λιβύην
1084 3058 1140 3122 καί

118 3164 278 3228 Σικελίαν
301 3161 529 3246 πραχθέντων.

182 3426 201 3479 l
226 3426 336 3498 πλήρης
357 3425 389 3482 F.
463 3427 539 3490 θείς
556 3426 660 3500 τάξεις]
681 3427 721 3488 εἰς
740 3426 811 3499 (τὰς
829 3424 925 3499 ἰδίας)
944 3426 1035 3492 τάξεις
1053 3427 1139 3483 Dind.

92 3497 300 3568 κάπεχώρησεν
324 3501 355 3555 F.
434 3500 472 3558 13
500 3500 568 3571 περὶ
592 3508 648 3556 τῶν
674 3497 900 3567 κατορθωμάτων
919 3498 957 3562 θ,
976 3515 1047 3550 zm.
1062 3504 1089 3551 θ.
1102 3517 1140 3554 ιιι.

76 3559 122 3615 20
138 3565 275 3640 ἔγραφεν
294 3573 359 3632 RX.
