2460 3848
112 212 155 278 52
224 284 227 289 ,
473 207 661 264 modonxlx
676 213 772 263 εοει.

112 354 189 442 παρ’
207 355 406 441 ἀμφοτέροις
424 353 638 439 ἐπικρατῆσαι
656 357 735 431 τοὺς
757 350 834 439 παρ’
852 353 998 437 Εὑμενεί
1020 375 1134 438 τεταγ-

111 462 233 546 μένους
256 463 312 528 διδι
334 464 392 540 τὰς
410 472 477 528 τῶν
495 460 755 547 ἀργυρασπίδων
774 461 984 526 Μακεδόνων
1002 460 1133 547 ἀρετάς·

77 565 205 637 οοὺτοι
234 570 298 654 γάρ
326 578 397 646 ταίς
426 569 488 652 μέν
514 569 657 653 ἡλικίαις
682 568 747 652 ἤδη
775 571 1049 653 προβεβήκεισαν,
1077 568 1135 634 διά

111 677 149 743 δὲ
180 677 217 742 τὸ
250 680 380 759 πλῆθος
412 686 480 742 τῶν
511 674 680 741 κινδύνων
713 673 871 760 διέφερον
898 684 970 753 ταῖς
998 677 1135 758 τόλμαις

110 784 166 848 καί
184 792 256 860 ταῖς
274 783 466 866 εὐχειρίαις,
489 781 573 846 ὥστε
591 780 717 866 μηδένα
735 781 906 847 δύνασθαι
923 784 1006 848 κατά
1029 784 1135 866 στόμα
1167 805 1180 846 ε

110 892 172 975 την
190 892 269 974 βίαν
287 888 480 974 ὑποστῆναι.
522 888 576 953 διὸ
596 888 652 952 καί
672 890 746 953 τότε
766 890 942 973 τρισχίλιοι
960 887 1021 971 μέν
1039 888 1136 967 όντες

111 996 216 1062 ολονεί
244 998 399 1079 στόμωμα
426 997 701 1079 καθειστήκεισαν
730 995 837 1080 πάσης
865 1005 923 1080 της
953 995 1134 1078 δυνάμεως.

77 1101 296 1188 τἈντίγονος
324 1099 355 1168 δ’
379 1101 468 1187 ὁρῶν
495 1104 532 1167 τό
559 1124 595 1166 τε
623 1100 799 1184 εὐώνυμον
825 1101 923 1187 κέρας
945 1112 1012 1168 τῦν
1038 1102 1135 1168 ίδίων

111 1213 319 1296 πεφευγότας
340 1209 396 1276 καί
419 1210 481 1293 την
504 1208 659 1294 φάλαγγα
682 1216 793 1274 πᾶσαν
815 1208 1042 1295 τετραμμένην
1063 1217 1135 1286 τοίς

111 1317 172 1400 μέν
196 1316 489 1401 συμβουλούουσιν
512 1315 698 1402 ἀποχωρείν
725 1317 809 1400 πρὸς
835 1318 897 1401 την
920 1315 1055 1402 ὀρεινὴν
1077 1316 1135 1381 καί
1154 1339 1181 1380 ιο

110 1426 189 1502 τοὺς
211 1423 276 1489 ἀπὸ
295 1433 354 1508 τῆς
371 1431 482 1508 φυγης
501 1422 706 1506 σωζομένους
724 1421 981 1507 ἀναλαμβάνειν,
1004 1423 1136 1509 ἀθραυ-

111 1547 191 1597 στον
219 1527 337 1616 έχοντα
363 1531 401 1595 τὸ
429 1530 505 1615 περί
533 1529 637 1596 αὑτὸν
663 1528 762 1615 μέρος
788 1539 846 1614 τῆς
875 1530 1061 1614 δυνάμεως,
1092 1531 1134 1596 οὐ

110 1637 288 1724 προσέσχε,
318 1646 363 1725 τῷ
394 1636 432 1702 δέ
459 1638 548 1722 παρά
575 1646 635 1702 τοῦ
663 1645 781 1722 καιροῦ
810 1636 947 1703 δοθέντι
974 1641 1135 1724 προτερη-

110 1767 187 1828 ματι
211 1742 325 1822 δεξιῶς
347 1743 552 1830 χρησάμενος
574 1744 631 1810 καί
648 1745 728 1821 τοὺς
745 1743 932 1829 φεύγοντας
949 1755 1018 1810 τῶν
1037 1743 1136 1810 ίδίων

76 1868 92 1917 8
111 1847 214 1916 έσωσε
232 1850 363 1934 καὶτῆς
385 1852 480 1935 νίκης
498 1847 623 1935 ἔτυχεν.
661 1851 694 1915 οί
715 1850 778 1934 μὲν
800 1852 864 1937 γάρ
887 1849 1135 1937 ἀργυράσπιδες
1154 1873 1180 1914 ιι

111 1958 144 2023 ολ
167 1956 243 2043 παρ’
261 1956 409 2041 Εὑμενεί
429 1958 485 2023 καί
508 1959 546 2023 τὸ
570 1958 689 2023 λοιπὸν
712 1962 843 2041 πλῆθος
870 1968 938 2023 τῶν
960 1960 1067 2037 πεζῶν
1089 1958 1136 2035 ὡς

110 2065 246 2149 τάχιστα
286 2062 444 2151 ἐτρέψατο
486 2067 565 2142 τοὺς
604 2063 912 2148 ἀντιτεταγμένους,
953 2062 1135 2131 ἐπεδίωκεν

75 2188 91 2237 9
110 2171 205 2257 μέχρι
227 2181 284 2256 της
307 2174 495 2256 *πρότερον
514 2170 677 2254 ὑπωρίας·
700 2168 717 2235 ό
741 2169 772 2235 δ’
785 2165 1135 2256 Ἀντίγονοςγενομέ-

110 2303 173 2344 νου
197 2279 415 2362 διαστήματος
439 2276 476 2343 ἐν
498 2286 538 2362 τῇ
557 2287 625 2342 τῶν
643 2279 811 2360 πολεμίων
829 2276 917 2355 τάξει
935 2278 1135 2356 διιππεύσας

110 2384 201 2469 μέρει
231 2396 298 2450 τῶν
330 2383 455 2450 ἱππέων
485 2381 642 2467 ἐνέβαλεν
674 2385 722 2461 είς
752 2387 915 2469 πλαγίους
945 2387 1025 2463 τοῦς
1055 2386 1135 2472 περὶ
1153 2409 1180 2451 ιο

57 2509 91 2559 10
110 2493 170 2556 τὸν
188 2491 349 2573 Εὔδαμον
367 2489 585 2574 τεταγμένους
604 2487 659 2554 ἐπί
676 2499 736 2556 τοῦ
756 2495 852 2558 λαιοῦ
870 2491 1014 2577 κέρατος.
1049 2494 1133 2576 ταχὺ

111 2598 148 2663 δὲ
176 2597 232 2662 διά
258 2599 297 2662 τὸ
325 2594 515 2683 παράδοξον
542 2595 746 2680 τρεψάμενος
772 2600 851 2677 τοὺς
879 2597 1052 2675 ἐναντίους
1076 2598 1134 2664 καὶ

110 2707 255 2781 πολλοὺς
279 2703 407 2768 ἀνελὼν
426 2701 631 2768 διαπέστειλε
654 2713 721 2769 τῶν
741 2703 868 2770 λππέων
888 2707 967 2782 τοὺς
989 2703 1135 2790 ἐλαφρο-

51 2820 57 2837 ’
111 2811 228 2888 τάτους
257 2811 313 2876 καί
343 2811 399 2876 διά
428 2810 556 2876 τούτων
587 2809 806 2876 ἀνεκαλέσατο
835 2813 915 2889 τοὺς
944 2812 1135 2897 φεύγοντας

109 2919 165 2983 καί
195 2919 283 3004 παρά
312 2919 375 3002 την
403 2917 556 3001 ὑπωρίαν
588 2916 688 2982 πάλιν
721 2919 768 2994 είς
799 2916 892 2996 τάξιν
923 2918 1134 3003 κατέστησεν.
1153 2943 1180 2984 ιι

109 3025 165 3091 καί
188 3027 252 3111 γάρ
276 3025 309 3090 οί
331 3025 407 3111 περί
429 3026 489 3090 τὸν
507 3024 643 3108 Εὑμενη
662 3028 850 3108 πυθόμενοι
869 3019 1016 3111 τὴντῶν
1036 3025 1135 3092 ίδίωυ

110 3134 238 3217 τροπην
254 3132 476 3198 ἀνεκαλοῦντο
492 3140 532 3217 τῇ
553 3131 709 3216 σάλπιγγι
727 3134 806 3210 τοὺς
821 3132 1012 3216 διώκοντας,
1032 3133 1134 3197 σπεύ-

181 3289 200 3344 δ
221 3289 444 3374 προεβεβήκεσαν
467 3288 550 3344 Dind.
574 3289 609 3344 cf.
628 3288 692 3342 XIX
710 3295 754 3356 41,
769 3295 793 3343 2.
868 3290 888 3374 7·
901 3285 934 3344 τό
953 3286 1083 3383 στόμωμα
1101 3289 1133 3344 F.

104 3360 437 3505 353⁶²⁶²⁶155⁶2503222j
458 3357 1025 3502 053513301125⁸3337253¹³3&ss
1044 3357 1134 3500 ἐίέλζ

84 3498 148 3551 ΒΧ.
221 3503 265 3558 17
278 3501 645 3576 ἐκρέμαντο-ἐπεδίωκον
662 3503 695 3560 F.
761 3503 799 3558 18
814 3501 968 3572 *πρότερον
1056 3503 1133 3574 (fort.

69 3570 275 3644 modum)
295 3576 456 3650 ἐγγυτέρας
475 3580 506 3638 F.
585 3579 621 3637 27
645 3576 822 3639 σπεύδοντας
834 3575 872 3630 δ.

20 3774 32 3816 δ
