2460 3848
428 149 470 223 οι.
483 155 543 217 11ο,
554 155 582 206 1:
603 155 655 206 ε1ο
669 166 694 205 a.
706 149 769 206 chr.
1065 154 1108 221 57

87 302 280 379 κλαυθμοῦ,
302 293 531 382 καταρρήξασα
553 297 590 361 τὸ
613 296 690 381 περὶ
712 297 774 380 τήν
796 298 945 382 κεφαλήν
966 297 1110 382 διάδημα

87 404 144 470 καί
161 404 220 481 τάς
237 405 350 489 τρίχας
364 402 617 489 σπαράσσουσα,
631 405 817 489 καθαπερεί
830 426 922 482 τινος
936 412 1111 491 συμφορᾶς

87 509 230 594 μεγάλης
253 509 555 596 προσηγγελμένης·
586 511 606 593 ἡ
631 510 669 576 δέ
691 508 746 576 έπδ
768 518 808 596 τή
833 512 909 600 νίκη
932 511 1110 597 περιχαρής

88 613 187 707 ἀπήιε
208 618 292 702 πρὸς
314 618 376 701 τήν
398 617 521 703 πυράν,
544 615 796 702 στεφανουμένη
817 615 879 699 μέν
896 620 1026 704 μίτραις
1043 617 1109 683 ὑπὸ

55 735 156 791 ιτῶν
192 725 324 790 οἰκείων
360 734 540 809 γυναικῶν,
575 722 801 808 κεκοσμημένη
844 724 882 789 δὲ
922 724 1111 810 διαπρεπῶς

87 831 199 917 ὥσπερ
222 830 271 909 ε’ίς
290 853 365 895 τινα
383 830 491 914 γάμον
509 830 736 916 προεπέμπετο
755 829 821 896 ὑπὸ
840 841 907 896 τῶν
926 842 1111 915 συγγενῶν,

87 933 239 1025 ηἰδόντων
269 936 378 1021 ὕμνον
409 939 456 1014 είς
485 940 548 1023 τήν
577 937 698 1023 ἀρετήν
728 936 838 1023 αὐτῆς.
884 938 929 1016 ὡς
952 938 989 1004 δὲ
1012 937 1146 1028 έγγδς4

87 1042 233 1128 ἐγενήθη
256 1053 314 1128 τής
336 1052 458 1129 πυρᾶς,
481 1043 739 1131 περιαιρουμένη
763 1046 823 1109 τὸν
844 1045 971 1129 κόσμου
993 1044 1112 1130 έαυτής

89 1151 239 1216 διεδίδου
257 1160 327 1229 τοῖς
346 1153 480 1230 οἰκείοις
497 1152 554 1218 καὶ
572 1154 694 1236 φίλοις,
713 1152 757 1230 ὡς
777 1150 820 1216 ἀν
838 1151 926 1217 είποι
941 1175 1001 1235 τις,
1015 1175 1112 1218 κατα-

42 1279 70 1320 1ο
88 1259 249 1323 λείπουσα
271 1267 341 1335 τοῖς
364 1257 515 1342 ἀγαπῶσι
534 1268 703 1343 μνημεῖον,
742 1257 759 1324 δ
779 1257 817 1323 δὲ
834 1260 957 1341 κόσμος
974 1255 1017 1342 ήν
1036 1260 1112 1345 περί

88 1364 151 1447 μέν
181 1365 240 1441 τάς
268 1374 381 1450 χελρας
410 1366 596 1431 δακτυλίων
628 1365 691 1451 [τε]
724 1369 855 1448 πλήθος
886 1361 1112 1448 ἐνδεδεμένων

42 1472 204 1547 ιεελίθοις
218 1472 413 1538 πολυτελέσι
430 1472 486 1538 καί
505 1471 757 1557 διηλλαγμένοις
775 1481 844 1550 τοῖς
862 1472 1022 1558 χρώμασι,
1036 1474 1112 1558 περὶ

89 1577 127 1643 δέ
149 1579 211 1661 τήν
233 1581 383 1665 κεφαλήν
405 1591 540 1666 χρυσῶν
564 1575 769 1663 ἀστερίσκων
793 1578 854 1644 οὐκ
877 1578 990 1664 ὀλίγος
1016 1578 1113 1666 ἀρνθ-

88 1687 149 1766 μὸς
181 1687 408 1763 παντοδαποῖς
441 1688 552 1762 λίθοις
589 1685 839 1770 διειλημμένων,
876 1687 952 1772 περὶ
985 1686 1022 1752 δὲ
1054 1687 1113 1752 τὸν

42 1815 70 1856 1ο
88 1791 254 1877 τράχηλον
282 1793 394 1879 ὅρμων
421 1798 567 1876 πλήθος,
590 1803 657 1859 τῶν
679 1792 741 1875 μέν
764 1791 965 1878 ἐλασσόνων,
988 1805 1056 1860 τῶν
1080 1793 1110 1860 δ’

89 1896 126 1964 ἐκ
153 1908 213 1965 τοῦ
241 1899 311 1965 κατ’
335 1900 450 1985 ὀλίγον
479 1899 530 1965 ἀεὶ
554 1898 633 1965 καθ’
655 1899 842 1983 ὑπέρθεσιν
864 1901 1032 1981 μειζόνων.
1078 1903 1152 1968 τδε

90 2006 127 2071 δὲ
150 2010 340 2073 τελευταῖον
364 2005 577 2091 ἀσπασαμένη
598 2009 677 2083 τοὺς
696 2007 839 2084 οίκείους
857 2006 923 2071 ὑπὸ
942 2003 1112 2092 τάδελφοῦ

89 2111 151 2194 μέν
180 2111 235 2178 ἐπὶ
261 2115 324 2197 τήν
350 2115 462 2200 πυράν
485 2111 710 2198 ἀνεβιβάσθη,
732 2113 799 2179 ὑπὸ
823 2113 861 2178 δέ
883 2122 944 2178 τοῦ
968 2114 1113 2197 συνδρα-

89 2221 211 2302 μόντος
229 2218 284 2286 ἐπὶ
299 2223 361 2306 τήν
373 2219 460 2286 θέαν
474 2224 628 2306 πλήθους
639 2227 879 2303 θαυμασθεῖσα
892 2218 1113 2304 κατέστρεψεν

42 2350 71 2391 1ο
90 2326 238 2411 ἡρωικῶς
261 2328 320 2393 τὸν
343 2330 433 2412 βίον·
464 2329 485 2413 ἡ
509 2327 570 2411 μὲν
593 2327 656 2413 γάρ
681 2327 821 2410 δύναμις
845 2325 975 2402 ἐντοῖς
998 2326 1147 2403 ὅπλοιςο

89 2441 180 2499 πᾶσα
202 2436 283 2520 πρὶν
306 2434 470 2500 ἅπτεσθαι
493 2435 555 2518 τήν
577 2435 689 2519 πυράν
712 2435 783 2520 τρὶς
808 2438 1001 2518 περιῆλθεν,
1029 2433 1112 2519 αὐτή

90 2540 129 2606 δὲ
151 2537 270 2626 τάνδρί
288 2546 532 2627 παρακλιθεῖσα
549 2541 604 2606 καί
623 2543 705 2606 κατὰ
723 2543 785 2626 τήν
803 2550 863 2607 τοῦ
881 2542 988 2626 πυρὸς
1006 2539 1113 2625 ὁρμήν

90 2646 251 2729 οὐδεμίαν
282 2650 400 2733 φωνήν
430 2647 552 2732 ἀγευνή
583 2646 747 2733 προεμένη
775 2647 1017 2732 προεκαλέσατο
1045 2659 1113 2713 τῶν

90 2754 247 2840 δρώντων
276 2758 355 2832 τοὺς
384 2755 446 2837 μὲν
476 2756 523 2831 είς
552 2750 657 2838 έλεον,
684 2757 763 2831 τοὺς
791 2755 829 2820 δὲ
852 2756 899 2832 είς
922 2755 1113 2841 ὑπερβολήν

42 2881 71 2925 οε
90 2859 244 2928 ἐπαίνων.
292 2863 332 2929 οὐ
362 2864 428 2947 μήν
459 2860 530 2927 ἀλλ’
551 2857 635 2927 ένιοι
664 2872 732 2926 τῶν
757 2859 927 2947 Ἑλλήνων
950 2860 1113 2943 ἐπετίμων

90 2978 161 3046 τοῖς
182 2972 335 3052 νομίμοις
357 2969 402 3046 ὡς
425 2967 553 3054 ἀγρίοις
576 2962 652 3035 οὖσι
674 2968 730 3033 καί
752 2973 915 3053 χαλεποῖς.

162 3161 181 3216 δ
207 3159 429 3233 προηγγελμένης
455 3163 486 3217 F.
558 3161 577 3217 4
604 3160 838 3232 στεφανημίτραις
865 3163 903 3229 R,
932 3179 1000 3216 cort.
1030 3169 1053 3217 1.
1075 3180 1111 3217 m.

90 3230 202 3303 μίτραις
231 3251 284 3290 om.
312 3233 345 3289 X.
422 3234 440 3289 9
471 3236 664 3288 καταλιποῦσα
691 3234 721 3288 F.
802 3234 836 3289 11
865 3233 916 3305 [τε]
945 3233 999 3288 del.
1027 3233 1112 3288 Dind.

90 3303 126 3359 12
145 3301 239 3367 λίθοις
251 3325 280 3360 τε
294 3324 322 3360 π.
337 3305 367 3359 F.
402 3306 452 3390 καὶ
465 3313 524 3390 τοῖς
537 3306 663 3376 χρώμασι
676 3302 886 3375 διηλλαγμένοις
899 3305 928 3359 F.
981 3305 1016 3360 13
1034 3305 1113 3359 ἀστε-

91 3373 196 3444 ρίσκων
227 3376 397 3446 ἀστερισμῶν
415 3376 495 3444 hbn3
515 3393 583 3432 corr.
598 3377 688 3432 Wess.
755 3376 791 3432 14
809 3373 1003 3446 διειλημμένος
1018 3377 1127 3457 οωδδί,

91 3463 161 3503 corr.
215 3463 265 3502 σεε.
327 3448 363 3503 18
382 3447 439 3521 ἐπὶ]
459 3445 515 3504 δπδ
532 3449 564 3503 F.
628 3448 664 3504 18
684 3447 737 3504 διὰ
752 3448 806 3519 τὴν
826 3444 903 3502 θέαν
917 3447 962 3500 Q,
1019 3443 1069 3493 Ἃ
1084 3457 1145 3487 m·

92 3534 145 3573 σαν
163 3518 192 3572 F.
230 3517 300 3589 αάτη
316 3518 396 3590 libn‘;
417 3537 487 3580 corr.
503 3521 593 3580 Dind.
667 3521 709 3579 Ὦ
727 3512 1022 3591 παρακληθεῖεαῖ.
