2460 3848
113 197 177 262 100
457 193 571 249 Diodor.
581 192 646 247 XIX
660 199 781 248 62-64.

111 342 237 423 μακράς
266 338 486 430 ἐξηρτυμένας
515 338 686 415 διακοσίας
714 338 971 424 τεσσαράκοντα·
1003 340 1133 404 τούτων

110 446 142 512 δ’
158 443 244 531 ἦσαν
267 449 435 532 τετρήρεις
458 445 521 528 μὲν
543 443 764 530 ἐννενήκοντα
791 449 964 530 πεντήρεις
982 445 1020 511 δὲ
1042 445 1133 527 δέκα,

112 552 261 638 ἐννήρεις
284 552 322 618 δέ
344 563 447 638 τρεῖς,
471 552 619 637 δεκήρεις
643 552 681 617 δέ
703 551 793 635 δέκα,
817 553 981 637 ἄφρακτοι
1004 552 1042 618 δέ
1064 575 1133 635 τρι-

75 660 242 726 νάκοντα.
298 659 488 743 διελόμενος
521 658 559 724 δὲ
590 660 650 724 τὸν
682 661 802 725 στόλον
834 662 1040 744 πεντήκοντα
1071 659 1134 741 μὲν

110 776 193 843 ναῦς
228 763 409 848 ἐξέπεμψεν
450 767 497 843 είς
534 767 808 850 Πελοπόννησον,
850 776 917 831 τῶν
958 763 989 831 δ’
1022 767 1134 831 ἄλλων
1165 787 1178 827 ι

110 874 281 958 ναύαρχον
313 876 518 957 καταστήσας
549 872 801 958 Διοσκουρίδην
831 874 892 938 τὸν
927 872 1134 956 ἀδελφιδοῦν

109 976 288 1061 προσέταξε
320 984 494 1064 περιπλεῖν
525 988 596 1055 τοῖς
626 1002 662 1044 τε
694 979 876 1065 συμμάχοις
905 981 1135 1065 παρεχόμενον

109 1086 170 1171 τήν
200 1084 385 1171 ἀσφάλειαν
412 1086 468 1150 καὶ
494 1097 562 1150 τῶν
589 1089 703 1170 νήσων
729 1088 789 1164 τὰς
814 1090 911 1171 μήπω
934 1086 1134 1171 μετεχούσας

109 1201 166 1276 τῆς
194 1194 379 1277 συμμαχίας
406 1194 668 1277 προσαγόμενον.
717 1195 758 1258 τά
785 1192 847 1275 μὲν
874 1186 937 1257 οὖν
963 1194 1046 1257 κατὰ
1073 1194 1134 1258 τὸν

106 1297 298 1382 Ἀντίγονον
321 1298 359 1364 ἐν
382 1299 513 1376 τούτοις
534 1295 586 1383 ήν.
1153 1322 1179 1361 ιο

56 1408 99 1474 63
178 1403 292 1489 Ἡμεῖς
320 1402 350 1470 δ’
369 1405 441 1472 ἐπεί
468 1408 508 1471 τά
535 1408 617 1471 κατὰ
645 1408 705 1491 τήν
726 1404 840 1472 Ἀσίαν
862 1404 1056 1491 πραχθέντα
1083 1406 1135 1470 δι-

109 1517 269 1598 ήλθομεν,
293 1512 331 1578 ἐν
353 1512 445 1598 μέρει
467 1513 569 1578 πάλιν
591 1514 631 1578 τά
653 1515 736 1579 κατά
758 1515 820 1598 τήν
842 1513 1013 1597 Εὐρώπην
1035 1511 1135 1591 διέξι-

109 1643 179 1701 μεν.
231 1619 475 1703 Ἀπολλωνίδης
509 1621 573 1705 γὰρ
606 1618 624 1684 ὁ
656 1619 792 1704 ταχθείς
823 1618 891 1684 ὑπὸ
923 1619 1186 1705 Κασάνδρουσοτ

111 1727 292 1811 στρατηγὸς
314 1724 369 1790 ἐπί
392 1735 450 1809 τῆς
470 1725 628 1812 Ἀργείων
650 1729 777 1804 πόλεως
800 1724 977 1804 ἐξοδεύσας
999 1727 1047 1803 είς
1062 1725 1134 1812 Ἀρ-

110 1833 230 1898 καδίαν
248 1835 369 1909 νυκτὸς
387 1831 559 1918 ἐκυρίευσε
579 1843 637 1918 τῆς
660 1845 728 1899 τῶν
746 1834 974 1916 Στυμφαλίων
997 1835 1132 1910 πόλεως·
1153 1855 1179 1896 ιε

74 1940 187 2025 τπερί
222 1949 325 2006 ταῦτα
357 1939 387 2004 δ’
414 1941 519 2005 αὐτοῦ
551 1941 782 2026 διατρίβοντος
813 1950 880 2005 τῶν
908 1936 1067 2024 Ἀργείων
1100 1942 1134 2005 οἱ

110 2048 194 2132 πρὸς
217 2047 420 2133 Κάσανδρον
448 2047 628 2133 ἀλλοτρίως
656 2043 787 2130 ἔχοντες
810 2043 1050 2111 ἐπεκαλέσαντο
1073 2048 1134 2112 τὸν

111 2153 389 2240 Πολυπέρχοντος
430 2151 660 2238 Ἀλέξανδρον,
705 2151 984 2235 ἐπαγγελλόμενοι
1028 2174 1134 2238 παρα-

111 2261 233 2326 δώσειν
261 2263 323 2346 τήν
352 2263 459 2326 πόλιν.
511 2268 571 2324 τοῦ
602 2255 632 2322 δ’
655 2257 873 2344 Ἀλεξάνδρου
904 2259 1134 2344 βραδύνοντος

108 2367 351 2452 Ἀπολλωνίδης
379 2366 514 2452 φθάσας
541 2368 745 2449 κατήντησεν
770 2367 817 2442 είς
831 2363 961 2451 Ἀργος.
1006 2378 1074 2432 τῶν
1098 2367 1130 2430 δ’
1153 2391 1179 2430 το

111 2471 376 2555 ἐναντιουμένων
398 2464 594 2554 καταλαβὼν
617 2473 665 2549 είς
688 2475 926 2550 πεντακοσίους
949 2475 1134 2559 συνηδρευ-

111 2581 209 2657 κότας
235 2578 273 2644 ἐν
299 2589 345 2666 τῷ
373 2580 561 2666 πρυτανείφ
588 2579 729 2656 τούτους
755 2580 817 2662 μὲν
848 2580 1045 2657 ἀποκλείσας
1074 2590 1134 2663 της

112 2684 228 2764 ἐξόδου
262 2689 384 2764 ζῶντας
415 2685 609 2769 κατέκαυσε,
646 2697 713 2751 τῶν
750 2683 781 2750 δ’
810 2686 920 2752 άλλων
957 2689 1035 2764 τοὺς
1071 2687 1134 2769 μὲν

112 2795 247 2870 πλείους
270 2791 510 2877 ἐφυγάδευσεν,
534 2793 669 2876 ὀλίγους
692 2792 730 2857 δὲ
753 2794 931 2875 συλλαβὼν
954 2793 1132 2859 ἀπέκτεινε.

183 2987 199 3041 l
219 2981 403 3054 ἐξηρτημένας
417 2986 447 3040 F.
494 2983 640 3048 διακοσίας
653 2985 861 3055 τεσσαράκοντα
876 2989 990 3056 (τετταρ.
1006 2987 1050 3058 F)]
1068 3003 1134 3042 een-

112 3061 173 3112 tum
195 3057 315 3126 triginie
337 3057 467 3124 interpr.;
490 3058 520 3110 in
542 3056 723 3126 sequentibus
741 3057 898 3111 triremium
916 3073 1063 3111 numerum
1083 3061 1134 3114 aut

113 3147 130 3184 a
149 3129 271 3184 Diodoro
295 3128 427 3182 omissum
451 3144 511 3182 οεεε
533 3131 583 3182 τοι
600 3127 780 3182 librariorum
798 3128 882 3197 eulpa
901 3129 1038 3183 excidisse
1056 3133 1133 3186 reete

113 3201 222 3255 monuit
242 3199 345 3265 Wess.;
371 3198 406 3252 ef.
430 3199 557 3268 Droysen
579 3199 630 3253 1.1.
653 3217 680 3268 p.
702 3206 733 3253 17
750 3205 815 3264 μσς
840 3199 925 3254 Νἰεεε
948 3200 966 3254 l.
981 3200 1000 3254 1.
1023 3219 1050 3268 p.
1071 3207 1132 3258 284.

112 3272 131 3326 3
149 3271 256 3339 ἐνήρεις
269 3272 300 3338 F,
315 3287 383 3325 corr.
399 3275 422 3322 2.
434 3287 469 3323 m,
513 3269 567 3324 45
581 3271 615 3326 ef.
630 3269 694 3324 XIX
708 3276 776 3337 74‚1
792 3269 887 3339 (Nieee
900 3271 919 3325 l.
929 3271 947 3325 1.
962 3290 989 3341 p.
999 3277 1050 3325 287
1062 3287 1086 3325 ε.
1098 3277 1132 3341 1).

113 3343 149 3398 13
173 3342 355 3414 Κασάνδρου]
383 3340 561 3408 Ἀλεξάνδρου
586 3342 623 3408 R,
652 3359 721 3396 corr.
749 3347 771 3394 1.
793 3359 829 3395 m.
911 3342 1007 3398 1218
1034 3343 1133 3398 malim

107 3411 290 3481 Ἀλέξανδρον
317 3410 366 3468 τὸν
393 3410 635 3482 Πολυπέρχοντοςε
664 3413 699 3466 cf.
725 3411 788 3465 XIX
812 3418 854 3479 35,
876 3419 903 3480 13
927 3419 970 3480 54,
991 3420 1019 3481 33
1044 3420 1086 3481 67,
1108 3423 1132 3470 1.

94 3482 138 3533 19
155 3485 363 3552 βραδύναντος
385 3484 417 3539 F.
493 3483 526 3540 21
553 3485 718 3556 καταλαβὼν
743 3483 778 3537 τὰ
803 3483 843 3545 εἰς
865 3484 895 3538 F.
967 3484 1003 3540 28
1028 3489 1134 3550 ζῶντας

81 3563 138 3603 0111.
154 3553 186 3618 F,
209 3556 307 3625 suppl,
331 3564 353 3613 2,
370 3576 410 3613 m.
