2460 3848
139 212 205 277 242
507 207 791 264 biodonxxuw.

140 355 243 420 αὐτὸν
267 355 305 420 δὲ
326 356 407 437 μετὰ
429 363 487 437 τῆς
510 353 681 436 δυνάμεως
705 354 753 430 είς
775 354 918 438 Κύπρον
941 358 1083 419 πλεῦσαι
1104 356 1160 420 καί

140 463 378 546 διαπολεμῆσαι
419 462 480 545 τήν
516 462 674 544 ταχίστην
709 463 793 546 πρὸς
832 463 913 537 τοὺς
948 463 1160 543 Πτολεμαίου

140 568 352 652 στρατηγούς.

105 693 121 741 6
214 671 320 752 Οὗτος
343 675 405 757 μὲν
428 669 491 739 ούν
514 675 686 766 συντόμως
712 674 820 739 πύντα
843 672 968 760 πράξας
994 676 1076 739 κατὰ
1103 677 1163 752 τὰς

140 779 276 858 ἐντολὰς
305 789 366 846 τοῦ
396 782 520 866 πατρὸς
549 781 605 846 καί
633 781 808 863 κομισθεὶς
837 780 891 847 ἐπὶ
921 782 1050 864 Καρίας
1078 802 1163 865 παρ·
1195 801 1208 842 ι

141 888 249 953 εκιίλει
270 889 350 964 τοὺς
368 885 515 963 Ῥοδίους
537 888 621 972 πρὸς
643 889 704 953 τὸν
725 888 808 953 κατδι
830 890 1042 970 Πτολεμαίου
1065 890 1163 954 πόλε-

140 1018 213 1076 μον.
259 993 308 1083 ού,
324 995 557 1078 προσεχόντων
580 993 611 1058 δ’
629 995 749 1077 αὐτῶν,
778 994 861 1060 ἀλλὰ
883 996 1001 1079 κοινήν
1024 996 1163 1081 εἰρήνην

142 1101 351 1187 αἱρουμένων
368 1102 464 1184 ι’ίχειν
484 1102 567 1186 πρὸς
590 1101 737 1178 ἅπαντας
759 1101 885 1185 ταύτην
908 1101 1014 1187 ἀρχήν
1036 1101 1162 1185 συνέβη

140 1207 301 1293 γενέσθαι
321 1218 366 1294 τῷ
390 1208 483 1294 δήμῳ
506 1215 564 1292 τῆς
587 1209 670 1293 πρὸς
689 1204 883 1291 Ἀντίγονον
902 1207 1163 1294 ἀλλοτριότητος.

87 1314 159 1380 4ίὸ
190 1315 228 1380 δὲ
257 1317 447 1399 Δημήτριος
477 1314 712 1398 παραπλεύσας
741 1316 789 1392 είς
818 1317 976 1381 Κιλικίαν
1005 1314 1164 1380 κάκελθεν
1183 1337 1209 1378 ιο

141 1430 225 1498 ναῦς
255 1421 311 1487 καὶ
344 1422 545 1506 στρατιώτας
581 1424 852 1506 προσλαβόμενος
888 1421 1082 1487 διέπλευσεν
1114 1422 1163 1498 είς

141 1529 203 1612 τήν
222 1528 365 1613 Κύπρον
383 1524 469 1612 ἔχων
487 1530 605 1606 πεζοὺς
625 1528 687 1610 μὲν
705 1531 846 1613 μυρίους
866 1529 1163 1613 πεντακισχιλίους,

144 1636 253 1712 ίππείς
283 1633 321 1698 δὲ
350 1637 597 1718 τετρακοσίους,
626 1644 710 1712 ναῦς
739 1635 777 1700 δὲ
803 1635 1075 1720 ταχυναυτούσας
1101 1634 1164 1717 μὲν

142 1743 287 1825 τριήρεις
309 1743 445 1818 πλείους
467 1751 535 1806 τῶν
558 1740 676 1807 ἑκατὸν
699 1741 793 1825 δέκα,
818 1752 885 1807 τῶν
909 1742 947 1807 δὲ
969 1741 1164 1827 βαρυτέρων

142 1847 388 1932 στρατιωτίδων
419 1851 625 1933 πεντήκοντα
660 1848 716 1913 καὶ
750 1858 839 1934 τρεῖς
875 1848 930 1913 καί
964 1849 1065 1934 πόρια
1095 1859 1164 1913 τῶν
1183 1869 1209 1909 ιτ

141 1954 366 2020 παντοδαπῶν
404 1956 500 2020 λκανολ
536 1964 581 2042 τῷ
619 1957 742 2038 πλήθει
777 1965 845 2020 τῶν
879 1954 1006 2020 ἱππέων
1036 1977 1072 2020 τε
1106 1968 1164 2032 καὶ

107 2080 122 2126 2
142 2063 256 2140 πεζῶν.
300 2062 355 2126 καί
378 2063 415 2127 τὸ
438 2063 500 2144 μὲν
523 2072 656 2147 πρῶτον
678 2061 1041 2147 κατεστρατοπέδευσεν
1063 2060 1101 2127 ἐν
1122 2071 1163 2148 τῇ

142 2170 289 2255 παραλία
327 2178 387 2251 τῆς
422 2171 620 2254 Καρπασίας
660 2168 716 2233 καὶ
751 2171 940 2253 νεωλκήσας
975 2170 1016 2234 τδι
1053 2169 1164 2254 σκάφη

143 2275 261 2360 χύρακι
288 2275 343 2340 καί
365 2274 481 2362 τύφριμ
505 2276 629 2361 βαθείᾳ
651 2277 713 2358 τήν
735 2277 949 2361 παρεμβολήν
972 2276 1163 2361 ὠχύρωσεν·

143 2380 255 2447 ἔπειτα
281 2391 352 2459 τοῖς
378 2382 619 2466 πλησιοχώροις
641 2383 831 2466 προσβολὰς
852 2383 1074 2466 ποιησάμενος
1097 2375 1164 2448 εἷλε
1183 2404 1209 2457 το

143 2490 225 2554 κατδι
251 2488 371 2573 κράτος
401 2488 574 2573 Οὐρανίαν
601 2488 656 2553 καί
679 2490 890 2574 Καρπασίαν,
917 2500 985 2554 τῶν
1012 2489 1050 2556 δὲ
1076 2501 1165 2556 νεῶν

143 2596 204 2678 τήν
230 2595 347 2677 ἱκανήν
371 2595 526 2679 φυλακήν
548 2593 722 2661 ἀπολιπὼν
745 2593 895 2674 ἀνέζευξε
922 2597 1003 2678 μετὰ
1025 2604 1083 2680 τής
1105 2597 1165 2662 δυ-

109 2720 124 2767 3
143 2700 271 2783 νύμεως
293 2699 347 2766 ἐπὶ
370 2702 432 2785 τήν
451 2705 633 2784 Σαλαμῖνα.
676 2701 694 2767 ὁ
718 2702 755 2767 δὲ
776 2701 973 2786 τεταγμένος
989 2701 1056 2768 ὑπὸ
1075 2706 1165 2767 Πτο-

214 2930 233 2984 2
251 2930 315 2999 “τὴν
332 2927 464 2999 ταχίστην
483 2931 547 2985 fort.
561 2933 626 2998 post
644 2933 760 2985 πλεῦσαι
778 2930 922 2999 ponenda'
936 2929 1021 2984 Dind.
1078 2930 1092 2984 7
1112 2931 1165 2984 αύ-

144 3007 182 3074 τῷ
197 3002 226 3055 F.
277 2997 487 3070 8αἱρουμόνων
507 3019 560 3056 om.
575 3002 606 3056 F.
656 3001 692 3055 13
709 3001 805 3064 ἱππεῖς
818 3001 849 3056 δὲ
864 3018 918 3056 om.
932 3001 970 3069 R;
986 3001 1021 3056 de
1034 3001 1167 3070 peditum

144 3073 326 3142 equitumque
351 3088 466 3126 numero
492 3073 607 3127 aliunde
631 3090 688 3127 non
713 3074 832 3128 constat.
905 3072 942 3127 14
963 3072 1083 3143 τριήρεις
1109 3073 1165 3126 del.

144 3145 227 3197 iussit
244 3143 332 3198 Hertl.
347 3144 386 3198 111
404 3162 431 3212 p.
447 3149 489 3198 37.
526 3139 610 3200 πλείω
628 3142 662 3198 X.
726 3143 1165 3213 14.150f.Polyuen.1vu‚⁷.

145 3215 180 3269 15
198 3212 413 3286 στρατιωτίδων]
433 3223 606 3282 στρατιωτῶν
619 3214 654 3269 X.
690 3213 777 3283 πόρια
790 3215 841 3269 RX
855 3216 874 3271 f.
887 3232 1005 3284 semper,
1018 3223 1120 3284 πορεία
1133 3215 1165 3270 F.

144 3286 180 3340 20
204 3294 263 3348 τοῖς
287 3283 404 3355 πλησίον
427 3284 539 3356 χωρίοις
564 3285 647 3340 Dind.
724 3288 758 3341 21
780 3285 938 3359 Οὐρανίαν]
957 3286 1025 3341 urbs
1043 3287 1115 3356 ign.;
1135 3289 1167 3341 at

145 3359 257 3411 exstant
275 3357 393 3427 Engelio
411 3359 484 3412 teste
503 3358 623 3426 (Kypros
639 3357 652 3410 I
669 3376 697 3427 p.
712 3362 757 3428 87)
775 3359 875 3412 ruinae
893 3375 981 3428 prope
1000 3357 1167 3428 Carpasium

132 3444 211 3494 quas
235 3429 275 3482 κά
301 3429 436 3483 Ummium
461 3430 565 3483 referre
589 3429 657 3483 licet
681 3429 727 3500 (ef.
751 3430 878 3499 Droysen
896 3429 951 3483 112
972 3448 998 3499 p.
1015 3434 1066 3484 125
1083 3445 1109 3484 ε.
1124 3433 1166 3499 2);

117 3497 275 3620 Kffm
307 3502 398 3559 Wess.
429 3503 476 3576 (cf.
506 3501 578 3558 XIX.
601 3506 646 3571 ολ,
666 3507 697 3570 13
728 3506 775 3568 uu,
792 3507 825 3568 ἓν,
852 3506 900 3566 λυ,
918 3507 950 3565 43
979 3501 1016 3554 uf.
1042 3500 1127 3556 Niese
1153 3502 1167 3554 Ι

103 3581 136 3630 Ρ·
194 3575 260 3626 8ο.
279 3577 321 3645 4).
