2460 3848
447 184 489 241 οι
501 190 600 252 ωηο
620 189 672 239 ειο
688 201 713 241 τ.
724 184 787 240 chr.
1063 188 1126 253 123

104 331 160 397 καί
189 326 259 414 μετ’
282 331 386 397 αὐτοῦ
416 331 499 396 κατὰ
528 331 566 396 τὸ
589 329 731 415 πάτριον
753 327 834 408 ἔθος
856 330 993 396 Μάνιον
1019 331 1127 395 Φούλ-

104 442 181 521 βιον
213 438 436 523 <ἴππαρχον>.
492 435 621 503 τούτων
654 436 692 502 δὲ
724 438 867 520 πλησίον
898 446 956 521 τῆς
985 437 1162 519 Καπύηςι

103 542 542 630 καταστρατοπεδευσάντων
572 544 605 608 οί
626 544 807 626 Καμπανοί
835 545 873 609 τὸ
902 543 964 626 μὲν
993 555 1127 628 πρῶτον

104 649 298 736 ἐπεχείρουν
337 650 574 735 ἀγωνίζεσθαι,
612 651 693 732 μετὰ
729 650 768 716 δὲ
803 657 907 715 ταῦτα
938 651 1127 732 πυθόμενοι

73 760 165 843 ιτήν
194 768 262 822 τών
285 763 464 840 Σαμνιτῶν
493 753 596 841 ἧτταν
625 758 680 823 καὶ
710 759 907 840 νομίσαντες
936 757 1042 835 πείσας
1068 757 1127 834 τὰς

104 864 262 947 δυνάμεις
284 863 375 949 ήξειν
398 862 449 930 ἐπ’
471 864 594 941 αὐτοὺς
617 864 814 930 διελύσαντο
834 865 917 950 πρὸς
935 862 1126 946 Ῥωμαίους·

103 974 181 1049 τούς
199 973 264 1057 γὰρ
283 973 411 1048 αἰτίους
429 979 486 1054 τής
505 979 647 1056 ταραχῆς
666 969 840 1055 ἐξέδωκαν,
860 972 893 1037 οἳ
906 971 1126 1056 προτεθείσης
1144 987 1161 1037 5

102 1080 241 1163 κρίσεως
260 1077 300 1144 οῦ
320 1079 569 1163 περιμείναντες
582 1078 644 1162 τήν
658 1075 830 1163 ἀπόφασιν
844 1077 966 1165 αὑτοὺς
981 1077 1125 1142 ἀνεῖλαν.

103 1186 138 1250 αί
160 1184 199 1250 δὲ
220 1187 334 1262 πόλεις
351 1191 512 1269 τυχοῦσαι
530 1184 728 1268 συγγνώμης
746 1186 794 1263 είς
812 1186 874 1271 τήν
892 1185 1126 1271 προϋπάρχου-

59 1311 85 1352 ιο
103 1297 166 1357 σαν
190 1293 378 1377 συμμαχίαν
401 1289 680 1375 ἀποκατέστησαν.

178 1404 245 1464 Τοῦ
269 1398 299 1464 δ’
317 1395 411 1474 ἔτους
429 1396 552 1462 τούτου
571 1397 767 1475 διελθόντος
785 1394 948 1484 Ἀθήνησι
965 1398 1027 1481 μὲν
1044 1394 1125 1484 ἦρχε
1137 1398 1177 1462 77

102 1504 276 1589 Πολέμων,
300 1504 338 1571 ἐν
356 1503 459 1596 Ῥώμη
481 1503 511 1569 δ’
529 1503 681 1589 ύπήρχον
698 1504 820 1572 ῦπατοι
838 1506 981 1583 Λεύκιος
999 1506 1126 1570 Παπεί-

103 1635 174 1697 ριος
196 1613 233 1678 τὸ
257 1611 406 1693 πέμπτον
426 1611 482 1676 καί
501 1610 601 1688 Γύιος
616 1610 768 1695 Ἰούνιος,
786 1614 876 1698 ήχῦη
896 1613 934 1679 δὲ
951 1614 1006 1678 καλ
1025 1612 1126 1693 ὀλυμ-

100 1720 178 1795 πιδις
213 1720 296 1784 κατὰ
331 1725 452 1783 τοῦτον
489 1718 548 1782 τὸν
585 1716 740 1784 ἐνιαυτὸν
777 1717 900 1804 ἑβδόμη
935 1721 1019 1805 πρὸς
1054 1728 1126 1796 ταῖς

57 1845 83 1886 ιε
101 1823 220 1891 ἑκατὸν
248 1826 304 1891 καί
333 1824 428 1909 δέκα,
456 1820 536 1890 καθ’
562 1825 606 1908 ήν
636 1823 729 1890 ἐνίκα
758 1825 895 1892 στάδιον
923 1827 1125 1912 Παρμενίων

101 1937 340 2016 Μιτυληναῖος.
386 1929 440 1997 ἐπὶ
469 1930 507 1996 δὲ
533 1931 662 1997 τούτων
689 1941 757 1997 τῶν
779 1934 910 2017 χρόνων
934 1930 1159 2017 Ἀντίχονοςκ

102 2039 294 2105 ἀπέστειλεν
312 2041 360 2116 είς
377 2040 439 2123 τήν
456 2034 599 2103 Ἑλλάδα
617 2040 803 2123 στρατηγὸν
817 2044 1028 2122 Πτολεμαῖον
1046 2040 1126 2116 τοὺς

94 2143 258 2231 Ἕλληνας
281 2144 568 2230 ἐλευθερώσοντα,
591 2144 780 2227 συνέπεμψε
803 2145 834 2210 δ’
856 2145 944 2234 αύτῷ
963 2155 1045 2222 ναῦς
1063 2144 1125 2227 μὲν

100 2254 227 2339 μακρὰς
262 2251 381 2319 ἑκατὸν
421 2252 477 2317 καί
518 2256 737 2337 πεντήκοντα,
773 2253 911 2337 Μήδιον
948 2250 1125 2336 ἐπιστήσας

56 2379 82 2420 ω
99 2360 281 2446 ναύαρχον,
312 2359 512 2444 στρατιώτας
539 2359 578 2425 ’δὲ
602 2360 723 2438 πεζούς
744 2359 806 2441 μὲν
827 2361 1124 2444 πεντακισχιλίους,

103 2467 212 2544 ἱππεῖς
230 2466 269 2532 δὲ
286 2468 533 2543 πεντακοσίους.
566 2463 743 2551 ἐποιήσατο
760 2465 799 2531 δὲ
811 2467 867 2532 καί
880 2467 964 2552 πρὸς
978 2463 1125 2542 Ῥοδίους
1143 2482 1160 2530 3

100 2573 290 2657 συμμαχίαν
312 2573 368 2638 καί
390 2572 614 2659 προσελάβετο
637 2569 714 2658 παρ’
738 2573 849 2639 αὐτῶν
872 2583 955 2652 ναῦς
979 2571 1125 2658 ἐξηρτισ-

99 2677 201 2762 μένας
222 2680 306 2765 πρὸς
329 2680 388 2745 τὸν
411 2681 557 2762 πόλεμον
580 2678 660 2746 δίκα
682 2680 766 2766 πρὸς
788 2681 850 2764 τήν
868 2691 936 2746 τών
955 2678 1125 2765 Ἑλλήνων

102 2863 104 2866 ·
171 2836 188 2891 1
218 2836 367 2908 Φούλβιον]
398 2836 509 2891 Foslius
541 2836 600 2892 Liv.
628 2835 667 2891 IX
696 2843 743 2904 263
777 2837 812 2891 cf.
839 2838 995 2892 Mommsen
1023 2837 1083 2891 RF.
1112 2836 1125 2890 I

99 2925 126 2977 p.
139 2913 199 2962 115.
272 2906 491 2982 2<ίππαρχον>
510 2908 541 2962 in
560 2908 641 2963 codd.
656 2909 790 2963 omissum
809 2909 874 2962 add.
892 2910 957 2963 edd.
1002 2908 1037 2962 τὰ
1055 2909 1124 2976 πλη-

99 2977 162 3034 σίον
176 2978 234 3035 RX.
289 2977 522 3049 ῦνομίζοντεςδ.
577 2978 686 3050 θήξειν
702 2977 773 3048 πρὸς
788 2981 891 3043 αύτούς
904 2981 935 3034 F.
990 2979 1125 3042 8αῦτοῦς

99 3049 157 3104 RX.
196 3051 309 3106 ἀνεῖλον
322 3051 353 3106 F.
426 3050 462 3105 12
479 3046 611 3121 ἧρχονδ,
627 3069 695 3106 corr.
710 3052 843 3121 inmarg.
858 3058 930 3106 λιιι.
967 3047 1124 3117 Παπείριος

100 3121 181 3176 codd.
251 3121 286 3177 18
299 3119 331 3178 τὸ
347 3125 411 3190 (om.
425 3121 486 3192 RX)
500 3119 637 3196 πέμπτου]
653 3123 688 3178 cf.
698 3121 763 3175 XIX
777 3129 819 3190 66,
836 3128 864 3189 1;
884 3123 941 3176 Liv.
952 3120 990 3174 IX
1005 3126 1052 3188 283
1067 3121 1087 3174 f.
1099 3138 1121 3175 ο.

95 3190 226 3335 ’λούκιοςχ
251 3191 283 3249 τὸ
309 3195 439 3262 δεύτερον
463 3193 589 3262 suppleri
611 3194 700 3249 voluit
722 3194 828 3262 Rhod.;
847 3194 882 3248 cf.
902 3192 960 3247 Liv.
980 3192 1045 3259 1.1.;
1064 3192 1083 3246 f.
1100 3210 1123 3246 c.

21 3290 23 3293 ’
99 3263 188 3338 ήχῦη]
222 3264 279 3320 νδ.
330 3264 365 3320 15
374 3263 556 3338 Παρμενίων]
566 3265 747 3321 Parmenides
761 3266 826 3320 Eue.
881 3265 918 3320 16
927 3266 1027 3319 Μυτιλ.
1038 3264 1121 3318 Dind.

98 3345 199 3391 τοῦτον
216 3333 267 3392 τὸν
285 3333 389 3407 χρόνον
407 3338 437 3391 F.
508 3336 542 3391 17
562 3338 749 3409 Πτολεμαῖον]
769 3334 924 3407 Πολέμωνα
942 3335 1008 3390 libri
1028 3351 1127 3390 omnes

100 3408 146 3477 (cf.
160 3406 225 3461 XIX
240 3414 319 3477 '18‚3‚
336 3407 388 3463 ubi
400 3409 477 3463 idem
490 3409 614 3478 vitium);
634 3424 704 3463 corr.
717 3407 812 3462 Ρολω.
824 3415 897 3476 a&
910 3414 947 3471 δε,
956 3406 1154 3463 mmm*-

99 3477 118 3533 l.
133 3479 151 3532 1.
170 3496 198 3548 p.
213 3484 247 3534 33
263 3487 329 3546 a.1;
349 3479 434 3536 Niese
452 3497 479 3551 p.
496 3484 548 3536 289
565 3487 634 3551 ωδεχ
659 3479 697 3538 δυ
714 3496 786 3536 *τοῖο
806 3479 874 3534 §m
889 3475 1018 3530 mim
1041 3469 1084 3518 εἰ·

96 3555 138 3615 57,
153 3556 177 3603 4·
249 3550 289 3606 22
304 3550 496 3626 ἐξηρτημένας
515 3555 553 3627 F3
575 3550 777 3630 ἐξηρτυμένας
792 3549 896 3606 Bm.
