2460 3848
125 171 192 235 314
493 166 778 222 Diodor.XX98.99.

90 320 208 381 εσθαι
230 315 290 379 τὸν
312 312 451 396 βασιλέα
473 314 556 394 πρὸς
578 316 657 389 τοὺς
676 310 830 389 Ῥοδίους.
871 310 1061 396 γενομένων
1082 307 1148 378 οὖν

126 421 257 505 ἀνοχῶν
279 421 335 485 καί
357 425 491 485 πολλῶν
513 420 569 485 καί
591 420 814 485 παντοδαπῶν
838 419 1012 506 ῥηθέντων
1034 421 1148 502 λόγων

125 530 208 614 πρός
230 551 265 592 τε
288 528 348 592 τὸν
366 527 473 611 δήμου
490 527 546 591 καί
568 528 652 610 πρὸς
673 530 753 604 τοὺς
774 526 851 613 περὶ
873 528 934 592 τὸν
951 529 1149 610 Δημήτριον

125 635 279 717 οὐδαμῶς
302 633 518 718 ἐδυνήθησαν
538 641 771 718 συμφωνῆσαι·
796 634 912 718 διόπερ
936 634 968 698 οἱ
991 633 1150 719 πρέσβεις

89 741 281 826 σάπήλθον
309 743 478 825 ἄπρακτοι.
524 742 714 824 Δημήτριος
742 740 780 805 δέ
807 740 1000 824 διανοηθείς
1025 743 1148 818 νυκτὸς
1183 761 1195 802 ε

126 848 306 914 ἐπιθέσθαι
337 858 377 932 τῇ
410 849 504 912 πόλει
536 847 619 911 κατὰ
649 848 686 911 τὸ
719 848 889 924 πεπτωκὸς
919 855 979 912 τοῦ
1016 849 1148 932 τείχους

125 954 254 1031 ἐπέλεξε
290 965 358 1019 τῶν
393 977 429 1019 τε
465 956 616 1038 μαχίμων
647 956 725 1029 τοὺς
760 956 956 1038 κρατίστους
991 955 1047 1018 καί
1077 966 1148 1020 τῶν

126 1063 236 1126 ἄλλων
267 1063 346 1137 τοὺς
378 1060 540 1136 εὐθέτους
571 1062 619 1137 είς
650 1063 778 1144 χιλίους
810 1062 865 1126 καί
898 1064 1148 1139 πεντακοσίους.

90 1168 264 1244 ετούτους
296 1168 358 1250 μὲν
390 1162 453 1232 οὖν
485 1166 687 1253 προσέταξεν
723 1167 829 1253 ήσυχή
865 1173 1070 1254 προσελθεῖν
1101 1179 1147 1256 τῷ

125 1278 224 1360 τείχει
251 1276 327 1360 περί
355 1274 515 1360 δευτέραν
543 1277 708 1359 φυλακήν,
736 1275 835 1351 αὐτὸς
863 1275 901 1340 δέ
928 1275 1149 1352 διασκευάσας
1170 1297 1197 1336 ιο

125 1385 324 1468 παρήγγειλε
354 1391 424 1458 τοίς
453 1380 509 1466 ἐφ’
532 1380 657 1469 έκάστφ
687 1381 787 1466 μέρει·
809 1381 1033 1465 τεταγμένοις,
1066 1381 1149 1447 ὅταν

126 1492 271 1579 σημήνη,
307 1487 531 1566 συναλαλάξαι
567 1490 623 1554 καί
659 1490 848 1574 προσβολάς
884 1495 1056 1554 ποιεῖσθαι
1091 1489 1148 1554 καί

91 1599 207 1663 σκατδι
234 1607 299 1679 γήν
326 1595 381 1660 καί
408 1596 490 1660 κατδι
517 1594 696 1660 θάλατταν.
742 1596 877 1662 πάντων
900 1596 937 1661 δὲ
960 1598 997 1662 τὸ
1021 1616 1148 1680 παραγ-

125 1703 249 1787 γελθὲν
265 1702 455 1766 ποιούντων
473 1703 506 1766 ολ
523 1702 585 1784 μὲν
603 1701 658 1767 ἐπὶ
675 1704 715 1767 τά
733 1704 926 1768 πεπτωκότα
943 1714 1011 1769 τῶν
1028 1714 1149 1788 τειχῶν

127 1810 329 1895 ὁρμήσαντες
346 1810 425 1884 τοὺς
443 1809 737 1894 προφυλάττοντας
755 1808 810 1874 ἐπὶ
828 1819 885 1894 τής
902 1810 1033 1895 τάφρου
1050 1834 1148 1875 κατα·
1169 1828 1194 1870 ιι

126 1913 310 1999 σφάξαντες
337 1914 579 2001 παρεισέπεσον
602 1918 649 1992 είς
676 1917 738 2000 τήν
760 1919 860 1982 πόλιν
882 1918 937 1983 καί
964 1920 1043 1994 τοὺς
1071 1918 1148 2002 περὶ

92 2043 107 2091 ‘1
126 2025 163 2089 τὸ
182 2022 328 2109 θέατρον
346 2023 470 2098 τύπους
490 2022 791 2106 κατελαμβάνοντο·
815 2026 848 2089 οί
871 2024 908 2089 δέ
930 2035 998 2089 τῶν
1012 2022 1149 2091 Ῥοδίων

127 2130 348 2216 <πρυτάνεις>
377 2130 566 2211 πυθόμενοι
594 2131 631 2193 τὸ
655 2132 863 2214 συμβεβηκὸς
886 2131 941 2196 καί
963 2133 1025 2216 τήν
1048 2134 1149 2198 πόλιν

126 2237 269 2323 δρῶντες
309 2237 442 2301 άπασαν
477 2236 752 2321 τεθορυβημένην
789 2247 859 2314 τοίς
894 2238 955 2320 μὲν
992 2236 1046 2303 ἐπί
1087 2249 1149 2305 τοῦ

127 2342 258 2425 λιμένος
285 2345 340 2409 καί
367 2354 435 2409 τῶν
461 2353 579 2426 τειχῶν
609 2348 835 2429 παρήγγειλαν
864 2345 977 2427 μένειν
1007 2343 1062 2410 ἐπὶ
1090 2356 1150 2431 τῆς
1168 2365 1195 2405 ιο

128 2452 214 2528 ίδίας
232 2449 352 2528 τάξεως
369 2450 425 2514 καί
443 2451 522 2524 τοὺς
541 2445 677 2533 ἐξωθεν,
697 2449 740 2515 δν
758 2451 1004 2537 προσβάλωσιν,
1023 2452 1148 2535 άμύνα-

127 2564 224 2640 σθαι,
248 2556 344 2622 αύτοί
367 2555 398 2620 δ’
414 2553 545 2641 ἔχοντες
566 2558 604 2622 τὸ
627 2567 695 2621 τῶν
718 2557 897 2625 ἐπιλέκτων
921 2559 1070 2643 σύστημα
1092 2561 1149 2625 καί

126 2667 205 2740 τοὺς
237 2663 301 2728 άπὸ
334 2671 391 2747 τής
420 2660 668 2750 Ἀλεξανδρείας
696 2664 896 2748 προσφάτως
925 2672 1149 2733 καταπεπλευ-

127 2772 225 2847 κότας
246 2771 447 2855 στρατιώτας
470 2771 627 2855 ὥρμησαν
645 2769 700 2836 ἐπὶ
722 2773 801 2848 τοὺς
824 2770 917 2849 ἐντὸς
940 2781 1000 2838 τού
1018 2775 1150 2858 τείχους

92 2879 465 2964 8παρεισπεπτωκύτας.
520 2878 846 2962 περικαταλαβούσης
878 2879 910 2942 δ’
934 2879 1058 2966 ήμέρας
1093 2881 1149 2947 καί
1168 2898 1196 2940 ιε

126 2993 186 3050 τοῦ
201 2985 396 3069 Δημητρίου
419 2986 457 3050 τὸ
481 2984 653 3068 σύσσημον
671 2985 813 3068 άραντος
836 2987 869 3050 ολ
891 2986 952 3068 μὲν
970 2998 1015 3073 τῷ
1040 2987 1150 3070 λιμένι

127 3087 373 3175 προσβαλόντες
400 3090 456 3156 καί
482 3092 519 3155 τὸ
547 3101 654 3175 τεῖχος
681 3091 852 3157 πάντοθεν
876 3110 1149 3177 περιεστρατοπε-

199 3319 421 3390 4ήδννήθησαν
435 3319 465 3374 F.
516 3319 631 3373 διέλθοι
644 3319 717 3374 Plut.
733 3321 856 3375 Dem.22
871 3321 991 3390 (νήθει).
1046 3322 1082 3376 12
1101 3338 1148 3392 ση-

122 3390 202 3463 μάνγ
229 3391 259 3458 F,
288 3408 356 3445 corr.
384 3397 408 3444 2.
429 3408 466 3445 m.
529 3391 732 3456 σνναλλαλάξαι
756 3392 786 3446 F.
846 3397 993 3447 ποιεῖσθαι
1019 3393 1092 3447 κατὰ
1117 3395 1147 3448 F.

111 3461 152 3513 15
168 3462 443 3546 προσφνλάττοντας
461 3461 491 3518 F.
554 3462 588 3518 17
608 3463 792 3590 κατελάὲοντο
811 3464 841 3516 F.
901 3464 935 3518 18
955 3463 1148 3540 (πρυτάνεις)

99 3530 169 3586 add.
190 3534 281 3591 Dmd,
304 3536 382 3607 (0011.
404 3535 459 3592 XX
479 3541 526 3606 88,
541 3539 579 3609 3).
652 3534 692 3590 21
731 3535 920 3605 μύνεοθαιῖ.
