<?xml version="1.0" encoding="UTF-8"?>
<!DOCTYPE html PUBLIC "-//W3C//DTD XHTML 1.0 Transitional//EN"
    "http://www.w3.org/TR/xhtml1/DTD/xhtml1-transitional.dtd">
<html xmlns="http://www.w3.org/1999/xhtml" xml:lang="en" lang="en">
 <head>
  <title>
</title>
<meta http-equiv="Content-Type" content="text/html;charset=utf-8" />
  <meta name='ocr-system' content='tesseract 3.04.00' />
  <meta name='ocr-capabilities' content='ocr_page ocr_carea ocr_par ocr_line ocrx_word'/>
</head>
<body>
  <div class='ocr_page' id='page_1' title='image "./diodoribiblioth00vogegoog/diodoribiblioth00vogegoog_0098.png"; bbox 0 0 2460 3848; ppageno 0'>
   <div class='ocr_carea' id='block_1_1' title="bbox 431 133 1111 248">
    <p class='ocr_par' dir='ltr' id='par_1_1' title="bbox 431 133 1111 248">
     <span class='ocr_line' id='line_1_1' title="bbox 431 133 1111 248; baseline 0.022 -27"><span class='ocrx_word' id='word_1_1' title='bbox 431 165 474 221; x_wconf 90' lang='lat'><strong><em>01.</em></strong></span> <span class='ocrx_word' id='word_1_2' title='bbox 485 173 545 234; x_wconf 79' lang='lat'>116,</span> <span class='ocrx_word' id='word_1_3' title='bbox 557 173 585 221; x_wconf 86' lang='lat'><strong><em>1:</em></strong></span> <span class='ocrx_word' id='word_1_4' title='bbox 605 133 658 221; x_wconf 80' lang='grc' dir='ltr'><strong><em>ειο</em></strong></span> <span class='ocrx_word' id='word_1_5' title='bbox 673 183 698 221; x_wconf 77' lang='grc' dir='ltr'><strong><em>ο.</em></strong></span> <span class='ocrx_word' id='word_1_6' title='bbox 709 166 771 222; x_wconf 80' lang='lat' dir='ltr'><strong>chr.</strong></span> <span class='ocrx_word' id='word_1_7' title='bbox 1055 170 1111 248; x_wconf 15' lang='lat'><strong><em>*73</em></strong></span> 
     </span>
    </p>
   </div>
   <div class='ocr_carea' id='block_1_2' title="bbox 42 311 1206 3176">
    <p class='ocr_par' dir='ltr' id='par_1_2' title="bbox 42 311 1206 3176">
     <span class='ocr_line' id='line_1_2' title="bbox 90 311 1146 398; baseline 0.002 -20"><span class='ocrx_word' id='word_1_8' title='bbox 90 311 246 398; x_wconf 84' lang='grc' dir='ltr'><strong><em>ἐχούσης,</em></strong></span> <span class='ocrx_word' id='word_1_9' title='bbox 283 312 300 378; x_wconf 90' lang='grc' dir='ltr'>ὁ</span> <span class='ocrx_word' id='word_1_10' title='bbox 333 312 371 377; x_wconf 76' lang='grc' dir='ltr'><strong><em>δὲ</em></strong></span> <span class='ocrx_word' id='word_1_11' title='bbox 407 312 568 398; x_wconf 79' lang='grc' dir='ltr'><strong><em>δεύτεροςΙ</em></strong></span> <span class='ocrx_word' id='word_1_12' title='bbox 597 313 715 395; x_wconf 80' lang='grc' dir='ltr'><strong><em>μείζων</em></strong></span> <span class='ocrx_word' id='word_1_13' title='bbox 752 312 882 396; x_wconf 86' lang='grc' dir='ltr'><strong><em>ἐγένετο</em></strong></span> <span class='ocrx_word' id='word_1_14' title='bbox 918 313 974 378; x_wconf 82' lang='grc' dir='ltr'><strong><em>καί</em></strong></span> <span class='ocrx_word' id='word_1_15' title='bbox 1010 315 1146 380; x_wconf 70' lang='grc' dir='ltr'><strong><em>πλείωῦ</em></strong></span> 
     </span>
     <span class='ocr_line' id='line_1_3' title="bbox 90 415 1112 507; baseline -0.001 -22"><span class='ocrx_word' id='word_1_16' title='bbox 90 421 225 503; x_wconf 87' lang='grc' dir='ltr'><strong><em>σώματα</em></strong></span> <span class='ocrx_word' id='word_1_17' title='bbox 243 419 445 507; x_wconf 90' lang='grc' dir='ltr'><strong><em>διέφθειρεν.</em></strong></span> <span class='ocrx_word' id='word_1_18' title='bbox 483 419 501 485; x_wconf 84' lang='grc' dir='ltr'>ὁ</span> <span class='ocrx_word' id='word_1_19' title='bbox 521 420 559 485; x_wconf 77' lang='grc' dir='ltr'><strong><em>δὲ</em></strong></span> <span class='ocrx_word' id='word_1_20' title='bbox 576 425 763 496; x_wconf 73' lang='grc' dir='ltr'><strong><em>τελευταῖος</em></strong></span> <span class='ocrx_word' id='word_1_21' title='bbox 781 417 918 485; x_wconf 89' lang='grc' dir='ltr'><strong><em>ἐπέπεσε</em></strong></span> <span class='ocrx_word' id='word_1_22' title='bbox 936 419 998 502; x_wconf 75' lang='grc' dir='ltr'><strong><em>μὲν</em></strong></span> <span class='ocrx_word' id='word_1_23' title='bbox 1016 415 1112 504; x_wconf 83' lang='grc' dir='ltr'><strong><em>έαρος</em></strong></span> 
     </span>
     <span class='ocr_line' id='line_1_4' title="bbox 89 524 1113 613; baseline -0.001 -21"><span class='ocrx_word' id='word_1_24' title='bbox 89 526 292 613; x_wconf 80' lang='grc' dir='ltr'><strong><em>ἀρχομένου,</em></strong></span> <span class='ocrx_word' id='word_1_25' title='bbox 319 525 594 612; x_wconf 78' lang='grc' dir='ltr'><strong><em>καταρραγέντων</em></strong></span> <span class='ocrx_word' id='word_1_26' title='bbox 621 524 779 611; x_wconf 78' lang='grc' dir='ltr'><strong><em>ἐξαίφνης</em></strong></span> <span class='ocrx_word' id='word_1_27' title='bbox 802 526 955 610; x_wconf 88' lang='grc' dir='ltr'><strong><em>μεγάλων</em></strong></span> <span class='ocrx_word' id='word_1_28' title='bbox 977 526 1113 612; x_wconf 87' lang='grc' dir='ltr'><strong><em>ὀμβρων</em></strong></span> 
     </span>
     <span class='ocr_line' id='line_1_5' title="bbox 88 630 1112 720; baseline -0.001 -21"><span class='ocrx_word' id='word_1_29' title='bbox 88 634 146 700; x_wconf 85' lang='grc' dir='ltr'><strong><em>καλ</em></strong></span> <span class='ocrx_word' id='word_1_30' title='bbox 168 635 307 719; x_wconf 78' lang='grc' dir='ltr'><strong><em>χαλάζης</em></strong></span> <span class='ocrx_word' id='word_1_31' title='bbox 330 634 472 700; x_wconf 86' lang='grc' dir='ltr'><strong><em>άπίστου</em></strong></span> <span class='ocrx_word' id='word_1_32' title='bbox 490 635 528 699; x_wconf 91' lang='grc' dir='ltr'><strong><em>τὸ</em></strong></span> <span class='ocrx_word' id='word_1_33' title='bbox 546 633 702 717; x_wconf 88' lang='grc' dir='ltr'><strong><em>μέγεθος·</em></strong></span> <span class='ocrx_word' id='word_1_34' title='bbox 725 644 862 716; x_wconf 78' lang='grc' dir='ltr'><strong><em>μνααῖαι</em></strong></span> <span class='ocrx_word' id='word_1_35' title='bbox 880 635 944 720; x_wconf 85' lang='grc' dir='ltr'><strong><em>γάρ</em></strong></span> <span class='ocrx_word' id='word_1_36' title='bbox 963 630 1112 718; x_wconf 74' lang='grc' dir='ltr'><strong><em>ἔπιπτον,</em></strong></span> 
     </span>
     <span class='ocr_line' id='line_1_6' title="bbox 57 737 1113 824; baseline 0.003 -21"><span class='ocrx_word' id='word_1_37' title='bbox 57 737 161 806; x_wconf 84' lang='grc' dir='ltr'><strong><em>εέστι</em></strong></span> <span class='ocrx_word' id='word_1_38' title='bbox 189 740 219 806; x_wconf 90' lang='grc' dir='ltr'><strong><em>δ’</em></strong></span> <span class='ocrx_word' id='word_1_39' title='bbox 241 741 295 807; x_wconf 85' lang='grc' dir='ltr'><strong><em>ὅτε</em></strong></span> <span class='ocrx_word' id='word_1_40' title='bbox 321 741 377 806; x_wconf 82' lang='grc' dir='ltr'><strong><em>καί</em></strong></span> <span class='ocrx_word' id='word_1_41' title='bbox 401 743 546 824; x_wconf 80' lang='grc' dir='ltr'><strong><em>μείζους,</em></strong></span> <span class='ocrx_word' id='word_1_42' title='bbox 569 740 653 805; x_wconf 81' lang='grc' dir='ltr'><strong><em>ὥστε</em></strong></span> <span class='ocrx_word' id='word_1_43' title='bbox 675 742 800 817; x_wconf 82' lang='grc' dir='ltr'><strong><em>πολλὰς</em></strong></span> <span class='ocrx_word' id='word_1_44' title='bbox 822 740 884 823; x_wconf 80' lang='grc' dir='ltr'><strong><em>μὲν</em></strong></span> <span class='ocrx_word' id='word_1_45' title='bbox 906 751 974 806; x_wconf 82' lang='grc' dir='ltr'><strong><em>τῶν</em></strong></span> <span class='ocrx_word' id='word_1_46' title='bbox 997 742 1113 806; x_wconf 83' lang='grc' dir='ltr'><strong><em>οἰκιῶν</em></strong></span> 
     </span>
     <span class='ocr_line' id='line_1_7' title="bbox 89 846 1113 934; baseline -0.001 -20"><span class='ocrx_word' id='word_1_47' title='bbox 89 849 292 930; x_wconf 82' lang='grc' dir='ltr'><strong><em>συμπίπτειν</em></strong></span> <span class='ocrx_word' id='word_1_48' title='bbox 315 848 371 913; x_wconf 84' lang='grc' dir='ltr'><strong><em>διδ</em></strong></span> <span class='ocrx_word' id='word_1_49' title='bbox 394 849 431 913; x_wconf 92' lang='grc' dir='ltr'><strong><em>τὸ</em></strong></span> <span class='ocrx_word' id='word_1_50' title='bbox 455 848 572 934; x_wconf 80' lang='grc' dir='ltr'><strong><em>βάρος,</em></strong></span> <span class='ocrx_word' id='word_1_51' title='bbox 596 847 657 912; x_wconf 85' lang='grc' dir='ltr'><strong><em>οὐκ</em></strong></span> <span class='ocrx_word' id='word_1_52' title='bbox 681 846 815 930; x_wconf 92' lang='grc' dir='ltr'><strong><em>ὀλίγους</em></strong></span> <span class='ocrx_word' id='word_1_53' title='bbox 838 847 876 912; x_wconf 73' lang='grc' dir='ltr'><strong><em>δὲ</em></strong></span> <span class='ocrx_word' id='word_1_54' title='bbox 896 848 952 913; x_wconf 82' lang='grc' dir='ltr'><strong><em>καί</em></strong></span> <span class='ocrx_word' id='word_1_55' title='bbox 969 859 1038 913; x_wconf 84' lang='grc' dir='ltr'><strong><em>τῶν</em></strong></span> <span class='ocrx_word' id='word_1_56' title='bbox 1056 847 1113 913; x_wconf 87' lang='grc' dir='ltr'><strong><em>άν·</em></strong></span> 
     </span>
     <span class='ocr_line' id='line_1_8' title="bbox 88 950 1148 1040; baseline 0.002 -20"><span class='ocrx_word' id='word_1_57' title='bbox 88 954 240 1040; x_wconf 84' lang='grc' dir='ltr'><strong><em>θρώπων</em></strong></span> <span class='ocrx_word' id='word_1_58' title='bbox 258 952 484 1020; x_wconf 78' lang='grc' dir='ltr'><strong><em>ἀπόλλυσθαι·</em></strong></span> <span class='ocrx_word' id='word_1_59' title='bbox 505 954 744 1040; x_wconf 75' lang='grc' dir='ltr'><strong><em>θεατροειδοῦς</em></strong></span> <span class='ocrx_word' id='word_1_60' title='bbox 761 950 792 1019; x_wconf 87' lang='grc' dir='ltr'><strong><em>δ’</em></strong></span> <span class='ocrx_word' id='word_1_61' title='bbox 811 954 913 1038; x_wconf 83' lang='grc' dir='ltr'><strong><em>οῦσης</em></strong></span> <span class='ocrx_word' id='word_1_62' title='bbox 930 966 989 1039; x_wconf 79' lang='grc' dir='ltr'><strong><em>τῆς</em></strong></span> <span class='ocrx_word' id='word_1_63' title='bbox 998 953 1113 1021; x_wconf 89' lang='grc' dir='ltr'><strong><em>Ῥόδου</em></strong></span> <span class='ocrx_word' id='word_1_64' title='bbox 1131 973 1148 1022; x_wconf 76' lang='grc'>3</span> 
     </span>
     <span class='ocr_line' id='line_1_9' title="bbox 66 1059 1114 1145; baseline -0.001 -18"><span class='ocrx_word' id='word_1_65' title='bbox 66 1061 147 1141; x_wconf 60' lang='grc' dir='ltr'><strong><em>,καί</em></strong></span> <span class='ocrx_word' id='word_1_66' title='bbox 175 1060 234 1138; x_wconf 83' lang='grc' dir='ltr'><strong><em>τὰς</em></strong></span> <span class='ocrx_word' id='word_1_67' title='bbox 262 1059 424 1145; x_wconf 75' lang='grc' dir='ltr'><strong><em>ἐγκλίσεις</em></strong></span> <span class='ocrx_word' id='word_1_68' title='bbox 453 1071 521 1127; x_wconf 83' lang='grc' dir='ltr'><strong><em>τῶν</em></strong></span> <span class='ocrx_word' id='word_1_69' title='bbox 549 1060 683 1126; x_wconf 82' lang='grc' dir='ltr'><strong><em>ὑδάτων</em></strong></span> <span class='ocrx_word' id='word_1_70' title='bbox 711 1063 794 1126; x_wconf 83' lang='grc' dir='ltr'><strong><em>κατὰ</em></strong></span> <span class='ocrx_word' id='word_1_71' title='bbox 821 1062 858 1126; x_wconf 91' lang='grc' dir='ltr'><strong><em>τὸ</em></strong></span> <span class='ocrx_word' id='word_1_72' title='bbox 886 1067 1044 1128; x_wconf 88' lang='grc' dir='ltr'><strong><em>πλείστου</em></strong></span> <span class='ocrx_word' id='word_1_73' title='bbox 1067 1063 1114 1139; x_wconf 87' lang='grc' dir='ltr'><strong><em>είς</em></strong></span> 
     </span>
     <span class='ocr_line' id='line_1_10' title="bbox 90 1166 1113 1253; baseline 0.001 -20"><span class='ocrx_word' id='word_1_74' title='bbox 90 1166 150 1233; x_wconf 80' lang='grc' dir='ltr'><strong><em>ἕνα</em></strong></span> <span class='ocrx_word' id='word_1_75' title='bbox 180 1170 284 1234; x_wconf 92' lang='grc' dir='ltr'><strong><em>τόπον</em></strong></span> <span class='ocrx_word' id='word_1_76' title='bbox 313 1167 514 1252; x_wconf 84' lang='grc' dir='ltr'><strong><em>ποιουμένης</em></strong></span> <span class='ocrx_word' id='word_1_77' title='bbox 544 1168 650 1246; x_wconf 84' lang='grc' dir='ltr'><strong><em>εὐθὺς</em></strong></span> <span class='ocrx_word' id='word_1_78' title='bbox 679 1169 720 1233; x_wconf 83' lang='grc' dir='ltr'><strong><em>τά</em></strong></span> <span class='ocrx_word' id='word_1_79' title='bbox 746 1170 885 1233; x_wconf 84' lang='grc' dir='ltr'><strong><em>ταπεινὰ</em></strong></span> <span class='ocrx_word' id='word_1_80' title='bbox 906 1179 965 1253; x_wconf 80' lang='grc' dir='ltr'><strong><em>της</em></strong></span> <span class='ocrx_word' id='word_1_81' title='bbox 987 1171 1113 1246; x_wconf 88' lang='grc' dir='ltr'><strong><em>πόλεως</em></strong></span> 
     </span>
     <span class='ocr_line' id='line_1_11' title="bbox 43 1273 1113 1360; baseline 0.004 -23"><span class='ocrx_word' id='word_1_82' title='bbox 43 1297 71 1337; x_wconf 80' lang='grc' dir='ltr'><strong><em>ιο</em></strong></span> <span class='ocrx_word' id='word_1_83' title='bbox 90 1273 291 1360; x_wconf 83' lang='grc' dir='ltr'><strong><em>ἐπληροῦτο,</em></strong></span> <span class='ocrx_word' id='word_1_84' title='bbox 318 1285 386 1340; x_wconf 83' lang='grc' dir='ltr'><strong><em>τῶν</em></strong></span> <span class='ocrx_word' id='word_1_85' title='bbox 413 1275 475 1357; x_wconf 76' lang='grc' dir='ltr'><strong><em>μὲν</em></strong></span> <span class='ocrx_word' id='word_1_86' title='bbox 502 1274 626 1360; x_wconf 80' lang='grc' dir='ltr'><strong><em>ὀχετῶν</em></strong></span> <span class='ocrx_word' id='word_1_87' title='bbox 654 1274 770 1341; x_wconf 84' lang='grc' dir='ltr'><strong><em>διὰτὸ</em></strong></span> <span class='ocrx_word' id='word_1_88' title='bbox 794 1275 907 1340; x_wconf 74' lang='grc' dir='ltr'><strong><em>δοκεῖν</em></strong></span> <span class='ocrx_word' id='word_1_89' title='bbox 929 1281 1113 1360; x_wconf 90' lang='grc' dir='ltr'><strong><em>παρεληλυ-</em></strong></span> 
     </span>
     <span class='ocr_line' id='line_1_12' title="bbox 89 1379 1113 1466; baseline -0.001 -19"><span class='ocrx_word' id='word_1_90' title='bbox 89 1380 191 1448; x_wconf 86' lang='grc' dir='ltr'><strong><em>θέναι</em></strong></span> <span class='ocrx_word' id='word_1_91' title='bbox 226 1383 287 1447; x_wconf 93' lang='grc' dir='ltr'><strong><em>τὸν</em></strong></span> <span class='ocrx_word' id='word_1_92' title='bbox 322 1391 467 1466; x_wconf 82' lang='grc' dir='ltr'><strong><em>χειμῶνα</em></strong></span> <span class='ocrx_word' id='word_1_93' title='bbox 497 1380 783 1466; x_wconf 86' lang='grc' dir='ltr'><strong><em>κατημελημένων,</em></strong></span> <span class='ocrx_word' id='word_1_94' title='bbox 815 1392 883 1447; x_wconf 78' lang='grc' dir='ltr'><strong><em>τῶν</em></strong></span> <span class='ocrx_word' id='word_1_95' title='bbox 915 1379 946 1446; x_wconf 90' lang='grc' dir='ltr'><strong><em>δ’</em></strong></span> <span class='ocrx_word' id='word_1_96' title='bbox 975 1381 1013 1447; x_wconf 90' lang='grc' dir='ltr'><strong><em>ἐν</em></strong></span> <span class='ocrx_word' id='word_1_97' title='bbox 1044 1392 1113 1458; x_wconf 84' lang='grc' dir='ltr'><strong><em>τοῖς</em></strong></span> 
     </span>
     <span class='ocr_line' id='line_1_13' title="bbox 89 1487 1148 1574; baseline 0.002 -21"><span class='ocrx_word' id='word_1_98' title='bbox 89 1490 234 1574; x_wconf 84' lang='grc' dir='ltr'><strong><em>τείχεσιν</em></strong></span> <span class='ocrx_word' id='word_1_99' title='bbox 266 1488 449 1573; x_wconf 87' lang='grc' dir='ltr'><strong><em>ὀβελίσκων</em></strong></span> <span class='ocrx_word' id='word_1_100' title='bbox 486 1488 784 1574; x_wconf 90' lang='grc' dir='ltr'><strong><em>συμφραχθέντων.</em></strong></span> <span class='ocrx_word' id='word_1_101' title='bbox 838 1497 898 1553; x_wconf 93' lang='grc' dir='ltr'><strong><em>τοῦ</em></strong></span> <span class='ocrx_word' id='word_1_102' title='bbox 931 1488 961 1553; x_wconf 85' lang='grc' dir='ltr'><strong><em>δ’</em></strong></span> <span class='ocrx_word' id='word_1_103' title='bbox 991 1487 1148 1566; x_wconf 79' lang='grc' dir='ltr'><strong><em>ῦδατοςε</em></strong></span> 
     </span>
     <span class='ocr_line' id='line_1_14' title="bbox 89 1595 1114 1682; baseline -0.001 -21"><span class='ocrx_word' id='word_1_104' title='bbox 89 1595 285 1682; x_wconf 84' lang='grc' dir='ltr'><strong><em>παραδόξως</em></strong></span> <span class='ocrx_word' id='word_1_105' title='bbox 317 1595 558 1682; x_wconf 78' lang='grc' dir='ltr'><strong><em>ἀθροιζομένου</em></strong></span> <span class='ocrx_word' id='word_1_106' title='bbox 590 1604 654 1672; x_wconf 83' lang='grc' dir='ltr'><strong><em>πᾶς</em></strong></span> <span class='ocrx_word' id='word_1_107' title='bbox 682 1595 744 1679; x_wconf 77' lang='grc' dir='ltr'><strong><em>μὲν</em></strong></span> <span class='ocrx_word' id='word_1_108' title='bbox 774 1595 792 1661; x_wconf 81' lang='grc' dir='ltr'><strong>ὁ</strong></span> <span class='ocrx_word' id='word_1_109' title='bbox 822 1596 899 1681; x_wconf 78' lang='grc' dir='ltr'><strong><em>περὶ</em></strong></span> <span class='ocrx_word' id='word_1_110' title='bbox 928 1597 966 1661; x_wconf 88' lang='grc' dir='ltr'><strong><em>τὸ</em></strong></span> <span class='ocrx_word' id='word_1_111' title='bbox 996 1596 1114 1679; x_wconf 83' lang='grc' dir='ltr'><strong><em>δεῖγμα</em></strong></span> 
     </span>
     <span class='ocr_line' id='line_1_15' title="bbox 89 1701 1114 1788; baseline -0.001 -19"><span class='ocrx_word' id='word_1_112' title='bbox 89 1704 146 1769; x_wconf 82' lang='grc' dir='ltr'><strong><em>καί</em></strong></span> <span class='ocrx_word' id='word_1_113' title='bbox 168 1704 355 1769; x_wconf 86' lang='grc' dir='ltr'><strong><em>Διονύσιον</em></strong></span> <span class='ocrx_word' id='word_1_114' title='bbox 382 1705 483 1780; x_wconf 89' lang='grc' dir='ltr'><strong><em>τόπος</em></strong></span> <span class='ocrx_word' id='word_1_115' title='bbox 507 1701 733 1788; x_wconf 73' lang='grc' dir='ltr'><strong><em>ἐπεπλήρωτο,</em></strong></span> <span class='ocrx_word' id='word_1_116' title='bbox 756 1704 840 1788; x_wconf 86' lang='grc' dir='ltr'><strong><em>πρὸς</em></strong></span> <span class='ocrx_word' id='word_1_117' title='bbox 863 1703 900 1768; x_wconf 80' lang='grc' dir='ltr'><strong><em>δὲ</em></strong></span> <span class='ocrx_word' id='word_1_118' title='bbox 923 1704 960 1768; x_wconf 88' lang='grc' dir='ltr'><strong><em>τὸ</em></strong></span> <span class='ocrx_word' id='word_1_119' title='bbox 980 1701 1114 1788; x_wconf 85' lang='grc' dir='ltr'><strong><em>Ἀσκλη-</em></strong></span> 
     </span>
     <span class='ocr_line' id='line_1_16' title="bbox 45 1809 1114 1895; baseline 0.003 -24"><span class='ocrx_word' id='word_1_120' title='bbox 45 1829 71 1871; x_wconf 82' lang='grc' dir='ltr'><strong><em>ιε</em></strong></span> <span class='ocrx_word' id='word_1_121' title='bbox 88 1819 201 1875; x_wconf 83' lang='grc' dir='ltr'><strong><em>πιείον</em></strong></span> <span class='ocrx_word' id='word_1_122' title='bbox 218 1811 282 1894; x_wconf 68' lang='grc' dir='ltr'><strong><em>ἤδη</em></strong></span> <span class='ocrx_word' id='word_1_123' title='bbox 301 1819 361 1876; x_wconf 93' lang='grc' dir='ltr'><strong><em>τοῦ</em></strong></span> <span class='ocrx_word' id='word_1_124' title='bbox 381 1809 594 1892; x_wconf 82' lang='grc' dir='ltr'><strong><em>λιμνάζοντος</em></strong></span> <span class='ocrx_word' id='word_1_125' title='bbox 609 1811 714 1875; x_wconf 90' lang='grc' dir='ltr'><strong><em>τόπου</em></strong></span> <span class='ocrx_word' id='word_1_126' title='bbox 728 1811 927 1895; x_wconf 86' lang='grc' dir='ltr'><strong><em>προσιόντος</em></strong></span> <span class='ocrx_word' id='word_1_127' title='bbox 941 1809 1114 1895; x_wconf 79' lang='grc' dir='ltr'><strong><em>ἐκπλαγεῖς</em></strong></span> 
     </span>
     <span class='ocr_line' id='line_1_17' title="bbox 88 1913 1113 2003; baseline 0 -22"><span class='ocrx_word' id='word_1_128' title='bbox 88 1917 151 1999; x_wconf 74' lang='grc' dir='ltr'><strong><em>μὲν</em></strong></span> <span class='ocrx_word' id='word_1_129' title='bbox 179 1913 266 2000; x_wconf 71' lang='grc' dir='ltr'><strong><em>ἦσαν</em></strong></span> <span class='ocrx_word' id='word_1_130' title='bbox 295 1917 452 2002; x_wconf 76' lang='grc' dir='ltr'><strong><em>ἅπαντες,</em></strong></span> <span class='ocrx_word' id='word_1_131' title='bbox 482 1918 565 2003; x_wconf 88' lang='grc' dir='ltr'><strong><em>πρὸς</em></strong></span> <span class='ocrx_word' id='word_1_132' title='bbox 595 1915 632 1980; x_wconf 80' lang='grc' dir='ltr'><strong><em>δὲ</em></strong></span> <span class='ocrx_word' id='word_1_133' title='bbox 659 1918 721 2001; x_wconf 80' lang='grc' dir='ltr'><strong><em>τὴν</em></strong></span> <span class='ocrx_word' id='word_1_134' title='bbox 748 1918 914 2002; x_wconf 90' lang='grc' dir='ltr'><strong><em>σωτηρίαν</em></strong></span> <span class='ocrx_word' id='word_1_135' title='bbox 938 1917 1113 2002; x_wconf 89' lang='grc' dir='ltr'><strong><em>διαφόροις</em></strong></span> 
     </span>
     <span class='ocr_line' id='line_1_18' title="bbox 89 2023 1147 2110; baseline 0.002 -20"><span class='ocrx_word' id='word_1_136' title='bbox 89 2023 235 2110; x_wconf 80' lang='grc' dir='ltr'><strong><em>ἐχρῶντο</em></strong></span> <span class='ocrx_word' id='word_1_137' title='bbox 267 2026 425 2109; x_wconf 85' lang='grc' dir='ltr'><strong><em>κρίσεσιν.</em></strong></span> <span class='ocrx_word' id='word_1_138' title='bbox 472 2025 505 2089; x_wconf 88' lang='grc' dir='ltr'><strong><em>ολ</em></strong></span> <span class='ocrx_word' id='word_1_139' title='bbox 536 2023 598 2106; x_wconf 76' lang='grc' dir='ltr'><strong><em>μὲν</em></strong></span> <span class='ocrx_word' id='word_1_140' title='bbox 628 2024 693 2109; x_wconf 84' lang='grc' dir='ltr'><strong><em>γάρ</em></strong></span> <span class='ocrx_word' id='word_1_141' title='bbox 726 2023 837 2088; x_wconf 82' lang='grc' dir='ltr'><strong><em>αὐτῶν</em></strong></span> <span class='ocrx_word' id='word_1_142' title='bbox 867 2025 915 2100; x_wconf 89' lang='grc' dir='ltr'><strong><em>είς</em></strong></span> <span class='ocrx_word' id='word_1_143' title='bbox 944 2026 985 2088; x_wconf 84' lang='grc' dir='ltr'><strong><em>τά</em></strong></span> <span class='ocrx_word' id='word_1_144' title='bbox 1014 2029 1147 2092; x_wconf 78' lang='grc' dir='ltr'><strong><em>πλοίασ</em></strong></span> 
     </span>
     <span class='ocr_line' id='line_1_19' title="bbox 90 2128 1114 2215; baseline -0.004 -19"><span class='ocrx_word' id='word_1_145' title='bbox 90 2130 297 2215; x_wconf 89' lang='grc' dir='ltr'><strong><em>συνέφυγον,</em></strong></span> <span class='ocrx_word' id='word_1_146' title='bbox 320 2133 353 2197; x_wconf 86' lang='grc' dir='ltr'><strong><em>ολ</em></strong></span> <span class='ocrx_word' id='word_1_147' title='bbox 376 2128 407 2196; x_wconf 90' lang='grc' dir='ltr'><strong><em>δ’</em></strong></span> <span class='ocrx_word' id='word_1_148' title='bbox 429 2129 483 2197; x_wconf 86' lang='grc' dir='ltr'><strong><em>ἐπλ</em></strong></span> <span class='ocrx_word' id='word_1_149' title='bbox 506 2132 543 2196; x_wconf 89' lang='grc' dir='ltr'><strong><em>τὸ</em></strong></span> <span class='ocrx_word' id='word_1_150' title='bbox 566 2128 714 2215; x_wconf 90' lang='grc' dir='ltr'><strong><em>θέατρον</em></strong></span> <span class='ocrx_word' id='word_1_151' title='bbox 737 2129 936 2215; x_wconf 81' lang='grc' dir='ltr'><strong><em>ἀνέδραμον,</em></strong></span> <span class='ocrx_word' id='word_1_152' title='bbox 963 2129 1051 2205; x_wconf 80' lang='grc' dir='ltr'><strong><em>τινὲς</em></strong></span> <span class='ocrx_word' id='word_1_153' title='bbox 1076 2128 1114 2192; x_wconf 83' lang='grc' dir='ltr'><strong><em>δὲ</em></strong></span> 
     </span>
     <span class='ocr_line' id='line_1_20' title="bbox 89 2236 1112 2324; baseline -0.002 -21"><span class='ocrx_word' id='word_1_154' title='bbox 89 2248 159 2303; x_wconf 83' lang='grc' dir='ltr'><strong><em>τῶν</em></strong></span> <span class='ocrx_word' id='word_1_155' title='bbox 177 2236 597 2324; x_wconf 86' lang='grc' dir='ltr'><strong><em>περικαταλαμβανομένων</em></strong></span> <span class='ocrx_word' id='word_1_156' title='bbox 614 2236 681 2302; x_wconf 81' lang='grc' dir='ltr'><strong><em>ὑπὸ</em></strong></span> <span class='ocrx_word' id='word_1_157' title='bbox 699 2245 759 2302; x_wconf 94' lang='grc' dir='ltr'><strong><em>τοῦ</em></strong></span> <span class='ocrx_word' id='word_1_158' title='bbox 779 2237 893 2302; x_wconf 91' lang='grc' dir='ltr'><strong><em>δεινοῦ</em></strong></span> <span class='ocrx_word' id='word_1_159' title='bbox 913 2236 1112 2321; x_wconf 81' lang='grc' dir='ltr'><strong><em>διαποροῦν·</em></strong></span> 
     </span>
     <span class='ocr_line' id='line_1_21' title="bbox 42 2342 1113 2430; baseline -0.001 -22"><span class='ocrx_word' id='word_1_160' title='bbox 42 2367 71 2408; x_wconf 80' lang='grc' dir='ltr'><strong><em>ιο</em></strong></span> <span class='ocrx_word' id='word_1_161' title='bbox 89 2367 144 2422; x_wconf 89' lang='grc' dir='ltr'><strong><em>τες</em></strong></span> <span class='ocrx_word' id='word_1_162' title='bbox 166 2344 221 2410; x_wconf 78' lang='grc' dir='ltr'><strong><em>ἐπὶ</em></strong></span> <span class='ocrx_word' id='word_1_163' title='bbox 242 2348 321 2424; x_wconf 87' lang='grc' dir='ltr'><strong><em>τοὺς</em></strong></span> <span class='ocrx_word' id='word_1_164' title='bbox 344 2345 574 2430; x_wconf 87' lang='grc' dir='ltr'><strong><em>ὑψηλοτάτους</em></strong></span> <span class='ocrx_word' id='word_1_165' title='bbox 595 2346 728 2427; x_wconf 83' lang='grc' dir='ltr'><strong><em>βωμοὺς</em></strong></span> <span class='ocrx_word' id='word_1_166' title='bbox 750 2345 806 2408; x_wconf 78' lang='grc' dir='ltr'><strong><em>καὶ</em></strong></span> <span class='ocrx_word' id='word_1_167' title='bbox 828 2345 886 2421; x_wconf 83' lang='grc' dir='ltr'><strong><em>τὰς</em></strong></span> <span class='ocrx_word' id='word_1_168' title='bbox 909 2354 976 2411; x_wconf 84' lang='grc' dir='ltr'><strong><em>τῦν</em></strong></span> <span class='ocrx_word' id='word_1_169' title='bbox 1000 2342 1113 2428; x_wconf 81' lang='grc' dir='ltr'><strong><em>ἀνδρι-</em></strong></span> 
     </span>
     <span class='ocr_line' id='line_1_22' title="bbox 90 2449 1148 2537; baseline 0.002 -21"><span class='ocrx_word' id='word_1_170' title='bbox 90 2451 202 2517; x_wconf 92' lang='grc' dir='ltr'><strong><em>άντων</em></strong></span> <span class='ocrx_word' id='word_1_171' title='bbox 233 2451 346 2534; x_wconf 85' lang='grc' dir='ltr'><strong><em>βάσεις</em></strong></span> <span class='ocrx_word' id='word_1_172' title='bbox 377 2449 641 2537; x_wconf 87' lang='grc' dir='ltr'><strong><em>προσανέβησαν.</em></strong></span> <span class='ocrx_word' id='word_1_173' title='bbox 695 2450 960 2534; x_wconf 73' lang='grc' dir='ltr'><strong><em>κινδυνευούσης</em></strong></span> <span class='ocrx_word' id='word_1_174' title='bbox 989 2449 1027 2515; x_wconf 78' lang='grc' dir='ltr'><strong><em>δὲ</em></strong></span> <span class='ocrx_word' id='word_1_175' title='bbox 1056 2460 1148 2534; x_wconf 77' lang='grc' dir='ltr'><strong><em>τῆςσ</em></strong></span> 
     </span>
     <span class='ocr_line' id='line_1_23' title="bbox 90 2557 1113 2643; baseline -0.002 -19"><span class='ocrx_word' id='word_1_176' title='bbox 90 2560 218 2635; x_wconf 88' lang='grc' dir='ltr'><strong><em>πόλεως</em></strong></span> <span class='ocrx_word' id='word_1_177' title='bbox 241 2558 348 2643; x_wconf 87' lang='grc' dir='ltr'><strong><em>άρδην</em></strong></span> <span class='ocrx_word' id='word_1_178' title='bbox 370 2559 450 2640; x_wconf 80' lang='grc' dir='ltr'><strong><em>μετὰ</em></strong></span> <span class='ocrx_word' id='word_1_179' title='bbox 473 2567 540 2622; x_wconf 80' lang='grc' dir='ltr'><strong><em>τῶν</em></strong></span> <span class='ocrx_word' id='word_1_180' title='bbox 562 2557 808 2623; x_wconf 84' lang='grc' dir='ltr'><strong><em>κατοικούντων</em></strong></span> <span class='ocrx_word' id='word_1_181' title='bbox 831 2557 1017 2623; x_wconf 80' lang='grc' dir='ltr'><strong><em>ἀπολέσθαι</em></strong></span> <span class='ocrx_word' id='word_1_182' title='bbox 1035 2561 1113 2642; x_wconf 80' lang='grc' dir='ltr'><strong><em>βοη-</em></strong></span> 
     </span>
     <span class='ocr_line' id='line_1_24' title="bbox 90 2662 1114 2751; baseline -0.001 -20"><span class='ocrx_word' id='word_1_183' title='bbox 90 2664 169 2731; x_wconf 88' lang='grc' dir='ltr'><strong><em>θειά</em></strong></span> <span class='ocrx_word' id='word_1_184' title='bbox 192 2688 241 2742; x_wconf 92' lang='grc' dir='ltr'><strong><em>τις</em></strong></span> <span class='ocrx_word' id='word_1_185' title='bbox 265 2666 448 2748; x_wconf 85' lang='grc' dir='ltr'><strong><em>αὐτόματος</em></strong></span> <span class='ocrx_word' id='word_1_186' title='bbox 470 2662 614 2747; x_wconf 87' lang='grc' dir='ltr'><strong><em>ἐγένετο·</em></strong></span> <span class='ocrx_word' id='word_1_187' title='bbox 636 2672 697 2729; x_wconf 94' lang='grc' dir='ltr'><strong><em>τοῦ</em></strong></span> <span class='ocrx_word' id='word_1_188' title='bbox 721 2666 785 2750; x_wconf 83' lang='grc' dir='ltr'><strong><em>γάρ</em></strong></span> <span class='ocrx_word' id='word_1_189' title='bbox 808 2668 937 2750; x_wconf 88' lang='grc' dir='ltr'><strong><em>τείχους</em></strong></span> <span class='ocrx_word' id='word_1_190' title='bbox 956 2664 1114 2751; x_wconf 78' lang='grc' dir='ltr'><strong><em>ῥαγέντος</em></strong></span> 
     </span>
     <span class='ocr_line' id='line_1_25' title="bbox 90 2755 1206 2860; baseline -0.002 -22"><span class='ocrx_word' id='word_1_191' title='bbox 90 2771 147 2839; x_wconf 76' lang='grc' dir='ltr'><strong><em>ἐπὶ</em></strong></span> <span class='ocrx_word' id='word_1_192' title='bbox 176 2774 284 2837; x_wconf 86' lang='grc' dir='ltr'><strong><em>πολὺν</em></strong></span> <span class='ocrx_word' id='word_1_193' title='bbox 313 2773 418 2836; x_wconf 89' lang='grc' dir='ltr'><strong><em>τόπον</em></strong></span> <span class='ocrx_word' id='word_1_194' title='bbox 448 2769 578 2848; x_wconf 82' lang='grc' dir='ltr'><strong><em>ἐξέπεσε</em></strong></span> <span class='ocrx_word' id='word_1_195' title='bbox 605 2770 708 2860; x_wconf 87' lang='grc' dir='ltr'><strong><em>ταύτη</em></strong></span> <span class='ocrx_word' id='word_1_196' title='bbox 736 2772 773 2835; x_wconf 91' lang='grc' dir='ltr'><strong><em>τὸ</em></strong></span> <span class='ocrx_word' id='word_1_197' title='bbox 797 2773 1000 2856; x_wconf 89' lang='grc' dir='ltr'><strong><em>συνεστηκὸς</em></strong></span> <span class='ocrx_word' id='word_1_198' title='bbox 1020 2771 1113 2854; x_wconf 88' lang='grc' dir='ltr'><strong><em>ῦδωρ</em></strong></span> <span class='ocrx_word' id='word_1_199' title='bbox 1204 2755 1206 2759; x_wconf 43' lang='grc'><strong>’</strong></span> 
     </span>
     <span class='ocr_line' id='line_1_26' title="bbox 43 2870 1113 2963; baseline 0 -21"><span class='ocrx_word' id='word_1_200' title='bbox 43 2900 71 2942; x_wconf 81' lang='grc' dir='ltr'><strong><em>ιε</em></strong></span> <span class='ocrx_word' id='word_1_201' title='bbox 91 2880 150 2957; x_wconf 85' lang='grc' dir='ltr'><strong><em>είς·</em></strong></span> <span class='ocrx_word' id='word_1_202' title='bbox 170 2880 232 2963; x_wconf 78' lang='grc' dir='ltr'><strong><em>τὴν</em></strong></span> <span class='ocrx_word' id='word_1_203' title='bbox 263 2879 440 2944; x_wconf 91' lang='grc' dir='ltr'><strong><em>θάλασσαν</em></strong></span> <span class='ocrx_word' id='word_1_204' title='bbox 471 2877 526 2942; x_wconf 86' lang='grc' dir='ltr'><strong><em>καλ</em></strong></span> <span class='ocrx_word' id='word_1_205' title='bbox 557 2878 639 2962; x_wconf 86' lang='grc' dir='ltr'><strong><em>ταχὺ</em></strong></span> <span class='ocrx_word' id='word_1_206' title='bbox 672 2876 773 2942; x_wconf 89' lang='grc' dir='ltr'><strong><em>πάλιν</em></strong></span> <span class='ocrx_word' id='word_1_207' title='bbox 806 2870 942 2955; x_wconf 79' lang='grc' dir='ltr'><strong><em>ἕκαστος</em></strong></span> <span class='ocrx_word' id='word_1_208' title='bbox 974 2880 1020 2955; x_wconf 86' lang='grc' dir='ltr'><strong><em>είς</em></strong></span> <span class='ocrx_word' id='word_1_209' title='bbox 1051 2879 1113 2962; x_wconf 79' lang='grc' dir='ltr'><strong><em>την</em></strong></span> 
     </span>
     <span class='ocr_line' id='line_1_27' title="bbox 90 2983 1148 3072; baseline -0.002 -21"><span class='ocrx_word' id='word_1_210' title='bbox 90 2985 375 3072; x_wconf 84' lang='grc' dir='ltr'><strong><em>προϋπάρχουσαν</em></strong></span> <span class='ocrx_word' id='word_1_211' title='bbox 398 2983 490 3062; x_wconf 86' lang='grc' dir='ltr'><strong><em>τάξιν</em></strong></span> <span class='ocrx_word' id='word_1_212' title='bbox 513 2983 726 3067; x_wconf 81' lang='grc' dir='ltr'><strong><em>ἀποκατέστη.</em></strong></span> <span class='ocrx_word' id='word_1_213' title='bbox 772 2989 961 3070; x_wconf 82' lang='grc' dir='ltr'><strong><em>συνηργησε</em></strong></span> <span class='ocrx_word' id='word_1_214' title='bbox 985 2984 1022 3049; x_wconf 80' lang='grc' dir='ltr'><strong><em>δὲ</em></strong></span> <span class='ocrx_word' id='word_1_215' title='bbox 1044 2994 1113 3062; x_wconf 84' lang='grc' dir='ltr'><strong><em>τοῖς</em></strong></span> <span class='ocrx_word' id='word_1_216' title='bbox 1132 3002 1148 3050; x_wconf 75' lang='lat'><strong>7</strong></span> 
     </span>
     <span class='ocr_line' id='line_1_28' title="bbox 90 3088 1113 3176; baseline -0.004 -16"><span class='ocrx_word' id='word_1_217' title='bbox 90 3094 330 3166; x_wconf 86' lang='grc' dir='ltr'><strong><em>κινδυνεύουσι</em></strong></span> <span class='ocrx_word' id='word_1_218' title='bbox 357 3093 412 3158; x_wconf 85' lang='grc' dir='ltr'><strong><em>καλ</em></strong></span> <span class='ocrx_word' id='word_1_219' title='bbox 439 3093 476 3157; x_wconf 90' lang='grc' dir='ltr'><strong><em>τὸ</em></strong></span> <span class='ocrx_word' id='word_1_220' title='bbox 504 3088 580 3175; x_wconf 88' lang='grc' dir='ltr'><strong><em>μεθ’</em></strong></span> <span class='ocrx_word' id='word_1_221' title='bbox 602 3090 729 3176; x_wconf 80' lang='grc' dir='ltr'><strong><em>ἡμέραν</em></strong></span> <span class='ocrx_word' id='word_1_222' title='bbox 752 3091 911 3175; x_wconf 91' lang='grc' dir='ltr'><strong><em>γενέσθαι</em></strong></span> <span class='ocrx_word' id='word_1_223' title='bbox 933 3093 994 3157; x_wconf 89' lang='grc' dir='ltr'><strong><em>τὸν</em></strong></span> <span class='ocrx_word' id='word_1_224' title='bbox 1016 3114 1113 3156; x_wconf 90' lang='grc' dir='ltr'><strong><em>κατα-</em></strong></span> 
     </span>
    </p>
   </div>
   <div class='ocr_carea' id='block_1_3' title="bbox 86 3246 1180 3609">
    <p class='ocr_par' dir='ltr' id='par_1_3' title="bbox 86 3246 1180 3609">
     <span class='ocr_line' id='line_1_29' title="bbox 162 3246 1112 3320; baseline -0.004 -14"><span class='ocrx_word' id='word_1_225' title='bbox 162 3251 180 3307; x_wconf 87' lang='grc'>8</span> <span class='ocrx_word' id='word_1_226' title='bbox 199 3248 346 3320; x_wconf 77' lang='grc' dir='ltr'><strong><em>ἐγκλείσεις</em></strong></span> <span class='ocrx_word' id='word_1_227' title='bbox 364 3250 393 3305; x_wconf 76' lang='lat' dir='ltr'><strong><em>F.</em></strong></span> <span class='ocrx_word' id='word_1_228' title='bbox 445 3249 479 3304; x_wconf 74' lang='lat'><strong><em>12</em></strong></span> <span class='ocrx_word' id='word_1_229' title='bbox 497 3247 602 3319; x_wconf 91' lang='grc' dir='ltr'><strong><em>τοίχοις</em></strong></span> <span class='ocrx_word' id='word_1_230' title='bbox 615 3250 645 3304; x_wconf 74' lang='lat' dir='ltr'><strong><em>F.</em></strong></span> <span class='ocrx_word' id='word_1_231' title='bbox 683 3246 833 3318; x_wconf 88' lang='grc' dir='ltr'><strong><em>ὀβελίσκων</em></strong></span> <span class='ocrx_word' id='word_1_232' title='bbox 853 3249 1005 3304; x_wconf 74' lang='lat' dir='ltr'><strong>admodum</strong></span> <span class='ocrx_word' id='word_1_233' title='bbox 1024 3266 1112 3319; x_wconf 82' lang='lat' dir='ltr'>susp.;</span> 
     </span>
     <span class='ocr_line' id='line_1_30' title="bbox 89 3319 1113 3391; baseline -0.002 -13"><span class='ocrx_word' id='word_1_234' title='bbox 89 3324 154 3379; x_wconf 74' lang='lat' dir='ltr'><strong>fort.</strong></span> <span class='ocrx_word' id='word_1_235' title='bbox 175 3321 353 3377; x_wconf 79' lang='lat' dir='ltr'><strong>scribendum</strong></span> <span class='ocrx_word' id='word_1_236' title='bbox 373 3320 557 3391; x_wconf 86' lang='grc' dir='ltr'><strong><em>σωληνίσκων.</em></strong></span> <span class='ocrx_word' id='word_1_237' title='bbox 630 3319 666 3375; x_wconf 83' lang='grc'><strong><em>14</em></strong></span> <span class='ocrx_word' id='word_1_238' title='bbox 683 3319 715 3376; x_wconf 86' lang='grc' dir='ltr'><strong><em>τὸ</em></strong></span> <span class='ocrx_word' id='word_1_239' title='bbox 734 3321 886 3375; x_wconf 82' lang='grc' dir='ltr'><strong><em>Διονύσιον</em></strong></span> <span class='ocrx_word' id='word_1_240' title='bbox 904 3321 934 3374; x_wconf 81' lang='lat' dir='ltr'><strong><em>F.</em></strong></span> <span class='ocrx_word' id='word_1_241' title='bbox 979 3321 1113 3390; x_wconf 80' lang='grc' dir='ltr'><strong><em>ἐπληροῦ-</em></strong></span> 
     </span>
     <span class='ocr_line' id='line_1_31' title="bbox 89 3390 1132 3462; baseline -0.01 -13"><span class='ocrx_word' id='word_1_242' title='bbox 89 3415 121 3451; x_wconf 86' lang='grc' dir='ltr'><strong><em>το</em></strong></span> <span class='ocrx_word' id='word_1_243' title='bbox 140 3394 171 3461; x_wconf 75' lang='lat' dir='ltr'><strong><em>F,</em></strong></span> <span class='ocrx_word' id='word_1_244' title='bbox 192 3410 260 3449; x_wconf 85' lang='lat' dir='ltr'>corr.</span> <span class='ocrx_word' id='word_1_245' title='bbox 281 3398 305 3447; x_wconf 79' lang='lat'><strong><em>2.</em></strong></span> <span class='ocrx_word' id='word_1_246' title='bbox 319 3411 356 3447; x_wconf 93' lang='lat' dir='ltr'><strong><em>m.</em></strong></span> <span class='ocrx_word' id='word_1_247' title='bbox 376 3394 406 3447; x_wconf 90' lang='lat' dir='ltr'><strong><em>in</em></strong></span> <span class='ocrx_word' id='word_1_248' title='bbox 424 3409 513 3462; x_wconf 76' lang='lat' dir='ltr'><strong>marg.</strong></span> <span class='ocrx_word' id='word_1_249' title='bbox 579 3392 614 3446; x_wconf 79' lang='lat'><strong><em>17</em></strong></span> <span class='ocrx_word' id='word_1_250' title='bbox 632 3394 715 3446; x_wconf 85' lang='grc' dir='ltr'><strong><em>πλεῑα</em></strong></span> <span class='ocrx_word' id='word_1_251' title='bbox 733 3392 763 3445; x_wconf 85' lang='lat' dir='ltr'><strong><em>F.</em></strong></span> <span class='ocrx_word' id='word_1_252' title='bbox 828 3391 951 3446; x_wconf 60' lang='lat' dir='ltr'>lss-Qx</span> <span class='ocrx_word' id='word_1_253' title='bbox 969 3390 1040 3444; x_wconf 58' lang='grc' dir='ltr'><strong><em>οἷδ’</em></strong></span> <span class='ocrx_word' id='word_1_254' title='bbox 1065 3391 1132 3439; x_wconf 57' lang='grc' dir='ltr'><strong><em>επι-</em></strong></span> 
     </span>
     <span class='ocr_line' id='line_1_32' title="bbox 90 3454 1157 3539; baseline -0.008 -19"><span class='ocrx_word' id='word_1_255' title='bbox 90 3462 370 3537; x_wconf 80' lang='grc' dir='ltr'><strong><em>καταλαμβανόμενοι</em></strong></span> <span class='ocrx_word' id='word_1_256' title='bbox 401 3462 456 3520; x_wconf 80' lang='grc' dir='ltr'><strong><em>ὑπὸ</em></strong></span> <span class='ocrx_word' id='word_1_257' title='bbox 483 3472 533 3520; x_wconf 90' lang='grc' dir='ltr'><strong><em>τοῦ</em></strong></span> <span class='ocrx_word' id='word_1_258' title='bbox 562 3465 659 3520; x_wconf 88' lang='grc' dir='ltr'><strong><em>δεινοῦ</em></strong></span> <span class='ocrx_word' id='word_1_259' title='bbox 689 3466 905 3533; x_wconf 76' lang='grc' dir='ltr'><strong><em>διαποροῦντες</em></strong></span> <span class='ocrx_word' id='word_1_260' title='bbox 933 3458 995 3517; x_wconf 53' lang='lat' dir='ltr'><strong><em>Mo</em></strong></span> <span class='ocrx_word' id='word_1_261' title='bbox 1021 3454 1157 3539; x_wconf 44' lang='lat' dir='ltr'><strong><em>ww·</em></strong></span> 
     </span>
     <span class='ocr_line' id='line_1_33' title="bbox 86 3513 1180 3609; baseline -0.012 -10"><span class='ocrx_word' id='word_1_262' title='bbox 86 3538 199 3607; x_wconf 70' lang='grc' dir='ltr'><strong><em>βννοδε</em></strong></span> <span class='ocrx_word' id='word_1_263' title='bbox 214 3534 527 3609; x_wconf 72' lang='grc' dir='ltr'><strong><em>καὶ-προσανέβησαν</em></strong></span> <span class='ocrx_word' id='word_1_264' title='bbox 542 3538 574 3596; x_wconf 84' lang='lat' dir='ltr'><strong><em>F.</em></strong></span> <span class='ocrx_word' id='word_1_265' title='bbox 628 3538 666 3597; x_wconf 64' lang='lat'><strong><em>19</em></strong></span> <span class='ocrx_word' id='word_1_266' title='bbox 689 3534 934 3608; x_wconf 59' lang='grc' dir='ltr'><strong><em>ὀιποροῦυτεςᾋ,</em></strong></span> <span class='ocrx_word' id='word_1_267' title='bbox 978 3527 1030 3584; x_wconf 66' lang='grc' dir='ltr'>Ἃ</span> <span class='ocrx_word' id='word_1_268' title='bbox 1043 3513 1180 3577; x_wconf 44' lang='lat' dir='ltr'><strong><em>mm&amp;-</em></strong></span> 
     </span>
    </p>
   </div>
   <div class='ocr_carea' id='block_1_4' title="bbox 0 0 1238 3848">
    <p class='ocr_par' dir='ltr' id='par_1_4' title="bbox 0 0 1238 3848">
     <span class='ocr_line' id='line_1_34' title="bbox 0 0 1238 3848; baseline 0 0"><span class='ocrx_word' id='word_1_269' title='bbox 0 0 1238 3848; x_wconf 95' lang='lat' dir='ltr'><strong><em> </em></strong></span> 
     </span>
    </p>
   </div>
  </div>
 </body>
</html>
