2460 3848
435 175 477 232 01.
489 181 549 244 111,
561 183 589 230 1:
609 175 774 231 31111011.
1071 180 1112 244 57

92 321 228 386 πάντων
255 322 435 387 Φίλιππον·
463 322 569 409 τούτῳ
593 320 631 386 δέ
654 321 882 386 διεκελεύσατο
907 332 1114 406 φυγομαχεῖν

92 428 148 494 καλ
174 429 237 512 τὴν
264 428 329 494 ἀπὸ
356 427 504 513 θατέρου
531 426 653 512 μέρους
679 429 791 514 κρίσιν
818 429 1036 514 ἀποθεωρεῖν.
1082 431 1115 496 οἱ

93 535 132 600 δὲ
163 535 351 617 σύμπαντες
382 531 468 619 ἦσαν
499 533 568 617 μετ’
592 534 768 617 Εὐμενοῦς
798 538 881 601 κατὰ
907 544 1028 602 τοῦτον
1055 537 1115 602 τὸν

92 642 211 727 καιρὸν
240 640 331 720 πεζοί
360 640 422 724 μὲν
452 641 642 727 τρισμύριοι
673 639 885 727 ἑξακισχίλιοι
916 641 1116 727 ἑπτακόσιοι,

60 750 206 825 σλππεῖς
237 748 275 813 δέ
306 745 534 833 ἑξακισχίλιοι,
571 745 750 832 ἐλέφαντες
782 749 820 814 δέ
851 748 969 815 ἑκατὸν
1000 766 1116 816 τεσσα-

93 855 297 942 ρεσκαίδεκα

164 963 301 1048 Μικρὸν
329 959 367 1025 δὲ
393 962 459 1045 πρὸ
486 971 544 1045 της
566 960 777 1047 παρατάξεως
795 959 984 1047 Ἀντιγένης
1007 962 1025 1028 ὁ
1048 963 1167 1029 τῶν41

93 1068 354 1155 ἀργυρασπίδων
378 1069 560 1153 στρατηγὸς
578 1065 723 1151 ἔπεμψεν
743 1068 801 1135 ἕνα
819 1080 888 1135 τῶν
906 1070 1116 1137 Μακεδόνων

94 1174 222 1241 ἱππέων
253 1174 308 1241 ἐπὶ
339 1177 400 1260 τὴν
433 1175 588 1259 φάλαγγα
622 1186 690 1241 τῶν
722 1174 895 1260 ἐναντίων,
931 1175 1115 1262 προστάξας

45 1309 74 1349 1ο
92 1283 235 1367 πλησίον
266 1284 539 1369 παραγενόμενον
571 1281 764 1366 ἀναβοῆσαι.
815 1279 912 1360 οὗτος
944 1283 982 1348 δὲ
1014 1300 1116 1369 προσ-

94 1390 255 1467 ιππεύσας
286 1391 388 1472 μόνος
419 1391 467 1466 είς
500 1398 614 1474 φωνῆς
649 1388 768 1473 ἀκοὴν,
803 1387 882 1455 καθ’
913 1389 931 1454 δ
964 1389 1063 1475 μέρος
1095 1392 1116 1475 ἡ

94 1494 223 1582 φάλαγξ
240 1492 284 1580 ην
301 1506 369 1561 τῶν
390 1495 466 1581 παρ’
480 1493 675 1579 Ἀντιγόνου
692 1497 913 1580 Μακεδόνων,
932 1497 1116 1581 ἀνεβόησεν

93 1603 187 1669 «Ἐπί
208 1606 288 1680 τοὺς
310 1602 467 1689 πατέρας,
494 1599 520 1669 ὦ
544 1603 642 1668 κακαλ
663 1605 820 1688 κεφαλαί,
848 1607 927 1681 τοὺς
950 1606 1031 1687 μετὰ
1057 1608 1116 1669 Φι·

93 1711 219 1776 λίππου
242 1710 297 1775 καί
315 1707 532 1794 Ἀλεξάνδρου
555 1711 595 1774 τὰ
618 1710 679 1775 όλα
699 1709 1033 1795 κατειργασμένουςυ)
1058 1711 1117 1788 οὓς

47 1840 74 1882 ιι
93 1815 162 1902 μετ’
185 1817 302 1901 ὀλάγον
329 1817 470 1896 ὄψονται
496 1816 552 1881 καί
579 1827 647 1882 τῶν
674 1816 840 1900 βασιλέων
867 1817 923 1883 καί
945 1829 1013 1883 τῶν
1035 1839 1118 1904 προ-

93 1926 283 2010 γεγονότων
310 1922 451 2006 ἀγώνων
478 1920 599 2000 ἀξίους.
649 1923 706 1988 καλ
732 1925 797 2008 γάρ
824 1921 1008 2008 ἐτύγχανον
1034 1927 1151 1989 κατάε

93 2041 216 2099 τοῦτον
250 2033 311 2098 τὸν
342 2031 460 2115 καιρὸν
491 2040 559 2096 τῶν
593 2030 854 2117 ἀργυρασπίδων
891 2031 924 2095 ολ
959 2031 1118 2096 νεώτατοι

94 2140 156 2223 μὲν
183 2139 260 2226 περὶ
287 2139 328 2203 τὰ
354 2135 512 2221 ἐξήκοντα
540 2134 611 2222 ἐτη,
637 2148 706 2203 τῶν
734 2136 764 2201 δ’
787 2138 897 2202 ἀλλων
925 2139 958 2202 ολ
982 2137 1118 2213 πλείους

94 2247 157 2330 μὲν
184 2246 261 2331 περλ
286 2247 328 2310 τά
355 2242 596 2329 ἑβδομήκοντα,
624 2244 713 2321 τινὲς
740 2243 778 2309 δὲ
804 2244 860 2309 καί
887 2244 1118 2328 πρεσβύτεροι,

46 2377 75 2416 1ο
94 2353 217 2430 πάντες
232 2352 270 2418 δὲ
285 2362 358 2428 ταῖς
375 2350 558 2437 ἐμπειρίαις
575 2352 720 2428 καλταῖς
740 2351 864 2438 ῥώμαις
881 2350 1117 2416 ἀνυπόστατοι·

94 2460 239 2544 τοσαύτη
266 2459 344 2546 περί
370 2459 494 2535 αὐτοὺς
520 2456 563 2542 ἦν
590 2458 737 2544 εὐχειρία
764 2458 820 2524 καλ
847 2459 951 2540 τόλμα
978 2457 1034 2522 διά
1056 2458 1119 2541 τὴν

95 2566 272 2653 συνέχειαν
301 2575 369 2632 τῶν
398 2565 576 2631 κινδύνων.
627 2564 809 2648 γευομένου
840 2563 878 2630 δὲ
906 2573 967 2630 τοῦ
996 2565 1152 2650 κηρύγ-3

95 2696 198 2758 ματος
224 2674 345 2738 καθότι
372 2673 581 2758 προείρηται,
610 2673 699 2758 παρά
728 2672 790 2754 μὲν
817 2682 887 2749 τοῖς
912 2672 990 2756 περλ
1013 2668 1119 2737 Ἀντί-

95 2804 200 2865 γουου
221 2778 373 2864 ἐγίνοντο
398 2779 509 2864 φωναί
531 2779 718 2864 δυσχερεῖς,
741 2778 793 2844 ότι
816 2777 1118 2862 συναυαγκάζοιυτο

47 2909 76 2952 11
95 2889 181 2975 πρὸς
208 2896 381 2971 συγγενεῖς
407 2886 463 2952 καλ
489 2884 737 2972 πρεσβυτέρους
765 2885 999 2970 διαμάχεσθαι,
1030 2886 1119 2969 παρὰ

169 3044 303 3100 1τούτον
321 3045 352 3099 F.
420 3042 529 3099 θνατὰ
547 3039 596 3098 τὸν
615 3039 702 3097 αότόν
720 3039 821 3110 καιρὸν
840 3042 869 3096 F.
938 3040 1069 3102 ὅλππεῖς
1088 3040 1119 3095 δὲ
1178 3057 1180 3061 ·

96 3113 277 3186 ἑξακισχίλιοι
296 3133 349 3171 om.
368 3114 431 3183 RX3
450 3114 625 3184 πεντήκοντα
643 3113 698 3184 (vel
716 3113 908 3185 ἑβδομήκοντα
927 3112 994 3182 (W))
1014 3112 1119 3166 addere

95 3188 228 3243 videntur
241 3187 410 3243 recentiores
424 3187 541 3256 quidam
555 3186 673 3240 codices.
705 3182 904 3252 δεκατέσσαρες
916 3184 947 3237 F.
997 3183 1015 3237 9
1033 3200 1119 3251 προσ-

95 3259 183 3325 τάξας
195 3267 252 3314 τῶν
265 3256 395 3314 ἐναντίον
408 3256 526 3327 πλησίον
540 3277 568 3313 π.
580 3257 609 3311 F.
656 3257 692 3311 12
705 3256 773 3325 παρ’
785 3253 929 3327 Ἀντιγόνῳ
943 3255 972 3308 F.
1019 3254 1055 3308 13
1070 3257 1120 3308 aut

97 3331 260 3386 addendum
284 3333 327 3385 est
350 3331 434 3400 (sicut
447 3329 536 3384 Wess.
558 3329 640 3396 vidit)
664 3344 698 3383 ex
720 3328 793 3382 Plut.
815 3328 895 3381 Eum.
915 3333 948 3381 16
972 3325 1123 3396 <deumi-

97 3401 180 3529 νετεσ>
206 3404 257 3456 aut
282 3401 507 3456 subaudiendum
531 3401 576 3470 (cf.
596 3400 687 3456 Wess.
706 3401 844 3455 meme
855 3397 1068 3458 ffifflm.
1080 3395 1150 3450 'Q

97 3474 134 3529 15
169 3477 261 3544 ψεσθε
279 3473 368 3528 Rhod.
419 3472 834 3531 17.1811.Ρ111.ω111.1ε.
887 3468 933 3522 ‘A
950 3463 1024 3528 περὶ
1042 3450 1178 3511 uem&

95 3543 275 3611 παράἀτοῐς
291 3545 320 3600 Ρ,
359 3541 447 3618 τόλμη
464 3547 497 3604 F.
576 3548 615 3607 23
635 3549 818 3615 καθόιοπερ.

990 3634 1030 3687 5*
