2460 3848
41 212 45 221 ·
109 197 175 262 260
476 191 651 249 Diodor.xx
665 198 762 248 τετε.

110 337 252 424 έχουσαν
281 344 412 424 πλῆθος
440 342 595 423 πιθήκων
623 338 679 404 καί
710 341 822 416 πόλεις
854 347 942 424 τρελς
972 339 1031 416 τάς
1063 338 1131 405 ἀπὸ

109 447 238 512 τούτων
268 456 336 512 τῶν
368 446 459 534 ζῴων
492 444 733 528 ὀνομαζομένας
767 446 814 522 είς
845 445 905 511 τὸν
932 442 1132 529 Ἑλληνικὸν

109 556 235 640 τρόπον
252 564 311 638 τῆς
333 552 506 618 διαλέκτου
529 550 860 637 μεθερμηνευομένας
879 551 1133 636 Πιθηκούσσας.

74 658 147 725 4έν
175 660 213 725 ἀὲ
240 659 375 736 ταύταις
402 660 464 725 οὐκ
491 658 588 743 όλίγα
614 670 682 724 τῶν
709 660 860 741 νομίμων
886 661 973 724 πολὺ
1003 662 1133 744 παρήλ-

110 773 205 833 λαττε
236 777 304 832 τῶν
335 763 413 850 παρ’
434 767 523 850 ἡμῖν.
573 765 630 842 τάς
661 788 697 829 τε
729 767 792 849 γάρ
825 765 927 843 αύτάς
958 766 1064 842 οἰκίας
1097 767 1133 832 ολ
1166 789 1178 831 ι

109 875 248 957 πίθηκοι
275 873 447 960 κατῴκουν
473 880 544 949 τοῖς
571 870 780 957 ἀνθρώποις,
811 871 889 937 θεοὶ
915 873 994 958 παρ’
1015 871 1133 950 αύτολς

109 981 317 1062 νομιζόμενοι
339 979 490 1065 καθάπερ
514 975 591 1064 παρ’
609 979 808 1061 Αἰγυπτίοις
835 979 868 1043 οἱ
889 979 1003 1063 κύνες,
1031 975 1067 1044 έκ
1095 1002 1133 1045 τε

109 1097 177 1152 τῶν
206 1085 524 1172 παρεσκευασμένων
554 1083 591 1150 ἐν
620 1091 689 1162 τοῖς
718 1087 877 1168 ταμιείοις
904 1086 946 1150 τά
977 1087 1042 1171 ζῷα
1071 1087 1133 1164 τὰς

108 1195 235 1280 τροφὰς
253 1191 442 1275 ἐλάμβανον
460 1191 635 1269 ἀκωλύτως
653 1190 752 1257 ὁπότε
775 1193 961 1274 βούλοιντο.
997 1191 1053 1256 καί
1071 1194 1133 1270 τὰς

108 1302 333 1387 προσηγορίας
357 1296 387 1365 θ’
405 1297 564 1364 έτίθεσαν
587 1300 620 1364 οἱ
641 1309 752 1382 γονελς
774 1309 845 1376 τοῖς
866 1298 961 1364 παισὶ
985 1300 1069 1364 κατὰ
1092 1301 1133 1365 τὸ
1152 1322 1177 1362 ιο

109 1414 266 1474 πλεῖστον
284 1407 349 1472 ἀπὸ
372 1417 440 1472 τῶν
457 1409 624 1491 πιθήκων,
647 1406 757 1492 ὥσπερ
780 1408 859 1493 παρ’
875 1408 955 1491 ἡμῖν
976 1404 1041 1470 ἀπὸ
1061 1417 1133 1472 τῶν

75 1522 209 1581 οθεῶν.
254 1524 324 1591 τοῖς
352 1513 383 1578 θ’
400 1513 614 1579 ἀποκτείνασι
640 1522 739 1579 τοῦτο
767 1515 804 1579 τὸ
832 1515 916 1599 ζῷον
939 1513 984 1589 ὡς
1009 1512 1133 1598 ήσεβη-

109 1624 183 1687 πόσι
212 1623 252 1686 τό
281 1618 418 1704 μέγιστα
447 1620 595 1697 θάνατος
624 1619 744 1704 ὥριστο
774 1621 969 1705 πρόστιμον·
1003 1619 1056 1685 διὸ
1087 1621 1132 1706 δή

109 1728 165 1793 καὶ
182 1727 271 1812 παρά
289 1743 378 1792 τισιν
396 1725 572 1813 ἐνίσχυσεν
590 1724 627 1791 έν
644 1728 820 1810 παροιμίας
837 1725 929 1810 μέρει
947 1729 1133 1809 λεγόμενον

109 1833 163 1899 ἐπὶ
190 1845 258 1899 τῶν
285 1833 399 1899 ἀνατεὶ
427 1832 648 1916 κτεινομένων
682 1833 733 1899 ὅτι
766 1836 914 1917 πιθήκου
948 1824 1016 1915 αἷμ’
1044 1828 1185 1941 ἀπο-Ε0

75 1961 90 2007 6
109 1943 244 2006 τίσειαν.
290 1940 308 2006 ό
332 1937 363 2005 δ’
382 1933 445 2006 οὖν
465 1941 621 2025 Εύμαχος
642 1941 722 2022 μίαν
744 1939 806 2023 μὲν
828 1939 956 2005 τούτων
978 1950 1047 2005 τῶν
1070 1943 1133 2007 πό-

110 2052 195 2131 λεων
217 2046 303 2114 έλὼν
325 2050 407 2113 κατά
433 2047 553 2133 κράτος
581 2047 757 2130 διήρπασε,
784 2047 842 2124 τάς
871 2045 908 2111 ἀὲ
936 2047 997 2112 δύο
1025 2066 1133 2133 προσ-

109 2155 259 2240 ηγάγετο.
309 2156 566 2236 πυνθανόμενος
594 2152 632 2217 δὲ
658 2155 736 2231 τοὺς
765 2160 1016 2237 περιοικοῦντας
1048 2156 1133 2240 βαρ-

110 2261 234 2346 βάρους
262 2261 432 2346 ἀθροίζειν
455 2259 506 2326 ἐπ’
524 2259 626 2325 αὐτὸν
649 2259 792 2342 μεγάλας
818 2259 976 2342 δυνάμεις
1002 2272 1133 2347 προῆγε

110 2370 370 2454 συντονώτερον,
411 2367 597 2450 διεγνωκὼς
634 2364 804 2432 ἐπανιέναι
840 2367 923 2452 πρὸς
958 2370 1038 2444 τοὺς
1074 2367 1133 2436 ἐπὶ
1150 2390 1177 2431 ιο

110 2476 257 2564 θαλάττῃ
279 2476 410 2551 τόπους.

57 2581 100 2646 59
180 2581 292 2666 Μέχρι
320 2580 382 2664 μὲν
409 2580 450 2663 δή
480 2580 609 2645 τούτων
636 2591 704 2646 τῶν
730 2591 856 2664 καιρῶν
883 2578 921 2645 έν
948 2589 988 2666 τῇ
1016 2583 1132 2674 Λιβύη

109 2687 191 2753 κατὰ
220 2694 305 2753 νοῦν
335 2687 464 2751 ἅπαντα
493 2688 533 2752 τά
563 2687 736 2772 πράγματα
766 2696 835 2764 τοῖς
864 2687 941 2770 περὶ
970 2688 1029 2753 τὸν
1057 2689 1132 2775 Ἁρ-

110 2793 261 2878 χάγαθον
287 2790 338 2878 ήν.
384 2796 464 2876 μετὰ
493 2794 530 2860 δὲ
556 2802 659 2859 ταῦτα
686 2803 744 2879 τής
771 2795 947 2879 γερουσίας
973 2792 1012 2859 ἐν
1036 2799 1132 2882 Καρ-

110 2901 227 2985 χηδόνι
254 2901 522 2985 βουλευσαμένης
549 2901 626 2987 περὶ
652 2909 713 2965 τοῦ
736 2899 882 2983 πολέμου
905 2905 1012 2977 καλῶς
1035 2897 1132 2981 ἔδοξε
1150 2923 1176 2965 τι

181 3040 198 3095 2
219 3048 275 3094 τῶν
297 3036 371 3113 ζῴων
396 3057 449 3094 om.
470 3041 506 3105 F;
530 3043 582 3094 ast.
601 3042 659 3095 not.
679 3038 773 3109 Steph.
851 3039 869 3093 3
887 3039 1075 3108 Πιθηκούσας
1094 3042 1131 3112 1⁴¹3

110 3113 144 3166 cf.
163 3110 214 3164 XX
232 3118 275 3179 44,
291 3119 314 3166 7.
391 3111 409 3165 5
433 3110 500 3180 παρ’
524 3111 602 3183 ἡμῖν]
629 3110 659 3165 έν
684 3111 751 3181 ἡμῖν
773 3109 831 3165 RX.
909 3110 926 3165 8
951 3108 1075 3179 ταμείοις
1099 3113 1130 3169 Ρ.

109 3184 272 3254 θβοόλοιτο
289 3182 348 3237 RX.
421 3182 456 3237 13
477 3183 511 3253 δή
533 3199 586 3237 om.
605 3182 644 3248 R,
663 3182 754 3251 suppl.
775 3188 798 3236 1.
813 3199 849 3236 m.
923 3181 958 3235 14
982 3183 1013 3235 in
1037 3199 1130 3255 marg.

110 3254 170 3308 cod.
189 3254 215 3308 R
234 3260 258 3309 3.
273 3272 309 3308 m.
328 3251 472 3323 παροιμία.
534 3253 569 3307 15
588 3253 707 3307 ἐπὶτῶν
726 3253 823 3308 ἀνατεὶ
841 3250 1037 3324 κτεινομένων]
1057 3255 1132 3311 ἀνα-

109 3322 274 3394 τεινομένων
294 3326 320 3379 R
345 3328 425 3395 (corr.
444 3332 468 3379 2.
483 3342 519 3379 m.
543 3325 573 3379 in
595 3327 695 3394 marg.)
721 3323 775 3380 XF.
831 3321 891 3393 αἷμ’
915 3323 1080 3401 ἀποτίσειαν
1104 3328 1130 3382 R

91 3433 186 3498 reete,¹
214 3409 271 3503 αίμί
294 3429 442 3489 ποτίσειαν
467 3430 494 3486 X
523 3427 594 3504 αίμα
620 3428 763 3486 ποτίσειαν
788 3431 823 3498 1⁴¹3
852 3428 987 3485 ἀπέτισαν
1013 3431 1130 3490 Reiske.

67 3499 125 3627 ἐς.
138 3502 360 3637 έζέὦθίἵλῧτίἰγῂ
382 3503 608 3570 ἐπιθαλαττίους
623 3503 659 3560 X.
714 3501 754 3556 ‘2³2
771 3501 823 3573 &Q
836 3498 936 3556 οάιυῖ.
982 3502 1021 3554 (λὶ
1036 3507 1131 3568 καλῶς
