2460 3848
119 181 186 249 254
487 179 773 237 Diodor.XX54.55.

119 349 177 404 τας
204 327 259 392 καλ
286 324 420 404 τοξότας
444 325 508 391 άπὸ
531 326 652 410 ταύτης
675 324 914 410 ἀγωνιζόμενος
935 327 1054 412 ήρχετο
1081 337 1140 412 τής

119 435 311 519 πολιορκίας
334 433 389 499 καλ
411 442 483 510 ταῖς
505 441 627 517 ψυχαῖς
645 443 712 498 τῶν
730 429 831 498 ένδον
849 432 959 518 ὥσπερ
978 434 1140 518 καυτήριά

84 558 195 606 στινα
221 549 402 626 προσῆγεν·
431 541 464 605 οἱ
491 538 521 604 δ’
539 537 595 616 ἐπίΙ
620 551 688 605 τῶν
710 548 828 624 τειχῶν
851 537 988 618 ἑστῶτες
1014 541 1052 606 τὸ
1078 541 1140 623 μὲν

119 658 253 734 πρῶτον
280 648 413 712 ὤκνουν
439 655 509 723 τοῖς
538 645 649 728 βέλεσι
678 649 882 731 χρήσασθαι,
913 647 1141 732 προκειμένων

120 754 234 831 αὐτοῖς
256 764 391 819 σκοπῶν
413 757 593 818 πολιτικῶν
616 752 762 839 ἀνδρῶν,
792 748 840 818 ὧν
861 750 948 837 ἦσάν
970 777 1058 832 τινες
1084 755 1141 821 καλ
1174 779 1187 819 ι

118 871 186 926 τῶν
222 858 507 944 ἐπιφανεστάτων·
544 857 759 942 ἐπικειμένων
796 860 834 926 δὲ
869 870 936 926 τῶν
973 863 1141 944 πολεμίων

119 967 305 1053 βαρύτερον
334 966 557 1051 ἠναγκάζοντο
587 969 666 1044 τοὺς
695 966 750 1033 ἐπὶ
779 973 838 1052 τής
864 973 1012 1052 μηχανῆς
1041 968 1141 1046 όντας

85 1074 316 1157 οάμύνεσθαι.
371 1070 457 1139 ἔνθα
489 1073 530 1158 δή
564 1073 741 1157 συνέβαινε
775 1076 932 1157 γίνεσθαι
967 1075 1141 1160 παράλογα

119 1181 212 1265 πάθη
239 1190 310 1258 τοίς
334 1183 506 1258 Ἰτυκαίοις
533 1180 589 1246 καί
615 1180 716 1266 τύχης
743 1180 951 1267 ἐπηρεασμὸν
979 1180 1017 1248 ἐν
1040 1181 1141 1267 άνάγ-

118 1311 192 1364 καις
218 1286 381 1370 κειμένοις
403 1286 653 1372 ἀνεκφεύκτοις·
683 1287 963 1374 προβεβλημένων
985 1290 1050 1375 γάρ
1073 1300 1141 1355 τῶν
1160 1315 1188 1355 ιο

115 1392 285 1479 Ἑλλήνων
307 1398 387 1472 τοὺς
408 1395 576 1479 ἡλωκότας
600 1405 668 1460 τῶν
691 1392 725 1473 ἐξ
744 1394 870 1479 Ἰτύκης
892 1394 1075 1479 ἀναγκαίαν
1097 1392 1146 1479 ήν

118 1501 139 1586 ή
167 1502 296 1568 τούτων
324 1501 544 1586 φειδομένους
571 1510 732 1588 περιορᾶν
759 1501 952 1589 ὑποχείριον
979 1512 1049 1580 τοίς
1081 1523 1141 1568 πο-

120 1610 244 1691 λεμίοις
266 1607 447 1694 γινομένην
466 1610 527 1693 τήν
546 1609 689 1695 πατρίδα
710 1608 731 1694 ή
754 1618 794 1696 τή
816 1611 910 1676 πόλει
928 1612 1141 1694 βοηθοῦντας

86 1713 267 1799 τάνηλεῶς
290 1723 454 1801 φονεῦσαι
477 1721 610 1800 πλῆθος
632 1719 779 1782 πολιτῶν
801 1716 1021 1801 ήτυχηκότων.
1058 1716 1140 1803 ὅπερ

120 1822 175 1887 καί
198 1821 323 1906 συνέβη
347 1822 519 1906 γενέσθαι·
548 1822 752 1904 ἀμυνόμενοι
773 1824 838 1908 γάρ
860 1825 939 1900 τοὺς
961 1825 1141 1907 πολεμίους
1161 1847 1189 1889 ιι

119 1928 175 1994 καί
202 1931 373 2006 παντοίοις
400 1929 511 2012 βέλεσι
539 1931 701 2014 χρώμενοι
727 1929 783 1994 καί
809 1931 850 1995 τά
872 1942 940 1996 τῶν
963 1929 1141 2016 ἐφεστηκό-

119 2059 187 2101 των
218 2045 258 2121 τή
290 2045 420 2123 μηχανή
453 2037 587 2120 σώματα
617 2037 835 2126 κατηκίσαντο
867 2037 923 2102 καὶ
954 2040 1048 2114 τινάς
1078 2039 1141 2120 μέν

119 2153 188 2209 τῶν
209 2143 424 2228 κρεμαμένων
447 2149 594 2209 πολιτῶν
616 2143 866 2227 κατηκόντισαν,
895 2145 988 2222 τινάς
1011 2145 1049 2210 δὲ
1070 2156 1142 2223 τοίς

120 2248 291 2333 ὀξυβελέσι
321 2252 405 2337 πρὸς
433 2259 473 2336 τή
504 2259 634 2335 μηχανῇ
664 2253 954 2335 προσκαθήλωσαν
980 2253 1061 2317 καθ’
1081 2253 1142 2330 ούς

119 2378 199 2422 ποτε
221 2357 316 2441 τύχοι
338 2365 399 2422 τού
424 2357 574 2439 σώματος
600 2357 737 2440 τόπους,
760 2356 844 2422 ὥστε
872 2369 1003 2445 σταυρῷ
1032 2379 1136 2445 παρα-

1160 2355 1189 2396 κο

119 2465 264 2547 πλησίαν
287 2457 374 2529 εἶναι
400 2464 462 2547 τήν
484 2461 586 2546 ύβριν
608 2463 675 2545 ἅμα
701 2463 757 2529 καί
783 2465 845 2548 τήν
869 2466 1039 2550 τιμωρίαν.
1084 2417 1196 2532 malm

119 2567 210 2636 ταῦτ’
229 2568 356 2654 ἐγίνετό
379 2585 468 2634 τισιν
490 2568 556 2634 ὑπὸ
585 2580 759 2653 συγγενῶν
780 2569 801 2654 ή
830 2572 950 2656 φίλων,
978 2573 1008 2637 εί
1034 2572 1140 2657 τύχοι,

119 2683 178 2760 τής
207 2675 352 2760 ’άνάγκης
381 2676 422 2742 ού
453 2677 797 2761 πολυπραγμονούσης
825 2700 858 2742 τι
887 2688 955 2743 τῶν
981 2675 1059 2765 παρ’
1082 2679 1141 2745 άν-

67 2782 109 2848 55
119 2783 271 2867 θρώποις
297 2782 409 2850 ὁσίων.
455 2784 473 2849 ὁ
501 2784 534 2849 δ’
552 2782 772 2868 Ἀγαθοκλῆς,
799 2783 889 2870 δρῶν
912 2785 1034 2863 αὐτοὺς
1057 2785 1141 2851 άπα-

119 2896 191 2967 θῶς
218 2886 409 2975 ὡρμηκότας
436 2893 520 2977 πρὸς
547 2891 607 2956 τὸν
631 2890 804 2974 κίνδυνον,
831 2895 1030 2976 περιστήσας
1056 2913 1141 2958 παν·
1159 2916 1188 2981 τι

119 2999 264 3083 ταχόθεν
295 2998 357 3081 τήν
389 2997 534 3081 δύναμιν
564 2997 621 3063 καί
651 2997 734 3063 κατά
764 3021 840 3064 τινα
871 3000 975 3064 τόπον
1002 2998 1141 3084 φαύλως

190 3190 348 3259 θπροῆγεν
366 3191 397 3246 F.
462 3189 633 3260 8γενέσθαι
650 3192 680 3246 F.
746 3191 782 3247 10
800 3189 928 3261 κείμενον
947 3189 1141 3261 άνέκφεακτον

120 3260 199 3328 libri3
215 3278 283 3316 corr.
294 3261 406 3318 Reiske.
452 3262 485 3316 ll
499 3264 565 3325 τοὺς
578 3260 720 3333 ἡλωκότας
734 3263 762 3329 ἐξ
772 3261 879 3332 Ἰτύκης
892 3261 951 3317 RX.
995 3262 1030 3317 12
1044 3267 1141 3331 φειδο·

120 3330 211 3400 μένων
229 3332 262 3388 Χ.
325 3333 361 3388 13
378 3331 531 3403 γενομένην
549 3334 579 3389 F.
642 3334 735 3390 1415
753 3332 821 3403 ὅπερ
840 3334 889 3389 καλ
908 3332 1090 3404 συνετελέσθη
1108 3337 1140 3392 F.

113 3403 155 3455 19
169 3400 244 3470 πρὸς
256 3404 308 3475 τήν
319 3405 450 3477 μηχανὴν
464 3402 499 3474 ἣν
513 3405 756 3474 προσκαθήλωσαν
769 3405 800 3460 P.
850 3405 886 3460 20
899 3406 1095 3475 παρακλήτων
1110 3408 1141 3464 F.

99 3471 146 3527 20,
160 3473 200 3528 21
222 3475 271 3531 rix
288 3494 370 3606 τρυε,
430 3476 468 3536 28
484 3479 518 3537 ού
535 3477 819 3550 πολυπραγμονούσης
830 3476 874 3548 τιή
889 3478 941 3531 οόκ
955 3477 1042 3546 ἐώσης
1054 3481 1142 3536 πολυ-

86 3557 279 3614 πραγμονεῖν
322 3597 328 3608 .
