2460 3848
448 181 601 248 01.119‚12
621 186 673 234 304
689 197 713 234 a.
724 180 786 235 chr.
1060 186 1125 250 315

109 326 262 406 δευκότες
285 324 527 412 συνηλάλαξαν,
555 327 733 409 εὐθαρσεῖς
755 336 930 403 ποιοῦντες
951 330 1030 404 τοὺς
1052 352 1127 393 κατ-

108 437 284 521 ειληφότας
315 436 413 521 μέρος
443 443 504 498 τοῦ
536 434 613 518 περί
644 434 682 498 τὸ
713 433 859 519 θέατρον
890 434 1007 517 τόπου,
1040 434 1058 499 ό
1091 435 1128 499 δέ

108 544 190 608 κατὰ
212 544 274 626 τὴν
292 539 393 607 πόλιν
411 542 509 625 όχλος
531 542 661 606 παίδων
679 541 735 606 καί
757 553 927 624 γυναικών
948 540 985 606 έν
1009 542 1128 625 φόβοις

107 647 151 734 ἦν
168 649 224 714 καὶ
242 648 416 733 δάκρυσιν,
439 649 484 724 ὡς
501 656 559 731 τῆς
576 648 736 733 πατρίδος
753 649 836 713 κατά
855 648 975 735 κράτος
998 646 1129 714 άλισκο-

78 754 217 840 ιμένης.
268 756 309 820 ού
337 756 403 839 μὴν
431 755 514 820 άλλδι
541 765 611 831 τοῖς
637 763 918 840 παρεισπεσοῦσιν
946 754 1039 832 έντὸς
1068 766 1162 823 τοῦθ

108 866 237 947 τείχους
264 859 445 947 γενομένης
471 862 576 947 μάχης
600 863 683 944 πρὸς
705 863 785 939 τοὺς
802 860 949 940 Ῥοδίους
971 864 1027 929 καί
1049 869 1128 928 πολ-

110 976 177 1035 λῶν
204 970 284 1053 παρ’
301 965 501 1054 ἀμφοτέροις
527 965 699 1034 πεσόντων
725 971 764 1034 τὸ
791 970 853 1052 μὲν
877 981 1011 1056 πρῶτον
1034 968 1128 1035 οὐδέ-

108 1100 198 1160 τεροι
221 1087 279 1161 της
303 1076 390 1152 ἰδίας
412 1074 533 1153 τάξεως
555 1073 750 1160 ἐξεχώρουν,
773 1079 854 1159 μετά
877 1078 915 1142 δὲ
937 1086 1040 1143 ταῦτα
1062 1088 1129 1142 τών

108 1184 170 1265 μὲν
189 1181 324 1248 Ῥοδίων
347 1182 398 1247 άεί
421 1182 586 1247 πλειόνων
608 1184 794 1265 γινομένων
812 1185 867 1249 καί
890 1185 950 1249 τὸν
967 1185 1129 1250 κίνδυνον

65 1313 90 1352 ιο
109 1289 246 1372 έτοίμως
271 1288 519 1371 ὑπομενόντων,
546 1289 591 1365 ὡς
619 1287 662 1353 δν
684 1288 769 1375 ὑπὲρ
797 1291 956 1375 πατρίδος
982 1291 1038 1356 καί
1062 1302 1130 1356 τῶν

108 1399 272 1481 μεγίστων
296 1394 557 1480 ἀγωνιζομένων,
584 1406 651 1460 τῶν
675 1396 712 1461 δέ
739 1405 799 1462 τοῦ
824 1395 985 1478 βασιλέως
1011 1400 1130 1481 θλιβο-

108 1503 218 1585 μένων
248 1500 404 1585 ’Άλιιιμος
436 1503 498 1584 μὲν
527 1503 583 1567 καί
613 1505 768 1579 Μαντίας
797 1504 830 1568 οί
858 1504 921 1586 τὴν
949 1505 1130 1587 ἡγεμονίαν

109 1608 239 1695 έχοντες
267 1614 403 1685 πολλοῖς
430 1612 664 1692 περιπεσόντες
690 1609 876 1695 τραύμασιν
903 1608 1129 1695 ἐτελεύτησαν,

108 1727 176 1781 τῶν
208 1713 238 1781 δ’
267 1717 377 1781 άλλων
409 1717 442 1780 ολ
478 1721 627 1781 πλεῖστοι
660 1718 693 1781 οἱ
724 1717 786 1799 μὲν
818 1716 856 1782 έν
886 1728 1007 1802 χειρῶν
1039 1719 1129 1805 νόμῳ

65 1843 90 1883 ιι
109 1824 353 1908 διεφθάρησαν,
373 1825 406 1888 οί
424 1820 454 1887 δ’
468 1823 612 1907 ἥλωσαν,
632 1823 740 1905 ὀλίγοι
758 1824 796 1890 δὲ
814 1826 897 1910 πρὸς
915 1826 975 1890 τὸν
993 1824 1131 1908 βασιλέα

54 1931 280 2014 478φυγόντες
312 1930 534 2013 διεσώθησαν.
588 1930 707 1996 πολλοί
743 1931 781 1996 δὲ
814 1931 870 1996 καί
900 1943 969 1996 τῶν
996 1929 1131 1998 Ῥοδίων

109 2036 334 2126 άνηρέθησαν,
357 2036 395 2103 έν
418 2030 468 2114 οίς
490 2034 534 2121 ἦν
556 2037 612 2103 καὶ
635 2037 652 2102 ὁ
676 2039 838 2121 πρύτανις
860 2038 1053 2122 Δαμοτέλης
1076 2038 1128 2105 ἐπ’

110 2143 208 2229 άρετῇ
232 2145 411 2227 γενόμενος
433 2147 659 2227 περίβλεπτος.

180 2254 371 2336 Δημήτριος
400 2251 438 2316 δέ
467 2252 529 2335 την
558 2262 616 2336 της
645 2255 771 2328 πόλεως
799 2252 923 2317 άλωσιν
950 2250 1160 2333 ύπολαβὼνθ

64 2377 91 2417 ω
109 2354 144 2422 έκ
176 2368 244 2422 τών
275 2368 397 2443 χειρῶν
429 2357 533 2422 αὐτοῦ
567 2359 629 2441 τὴν
661 2359 766 2443 τύχην
798 2358 994 2448 άφηρησθαι
1029 2357 1131 2424 πάλιν

108 2463 367 2548 παρεσκευάζετο
390 2466 474 2550 πρὸς
496 2467 558 2549 τὴν
581 2468 785 2550 πολιορκίαν.
832 2459 901 2530 εἶτα
924 2473 984 2530 τοῦ
1008 2467 1132 2550 πατρὸς

109 2569 197 2654 αὐτῷ
230 2571 421 2654 γράψαντος
452 2572 678 2638 διαλύσασθαι
714 2575 798 2658 πρὸς
825 2570 972 2649 Ῥοδίους
1008 2572 1053 2648 ώς
1089 2573 1131 2637 άν

108 2697 188 2740 ποτε
207 2676 358 2761 δύνηται,
381 2679 441 2743 τὸν
459 2678 637 2744 κάλλιστον
655 2679 806 2765 ἐπετήρει
827 2681 956 2765 καιρόν,
980 2679 1131 2743 δώσοντα

108 2782 292 2866 προφάσεις
321 2783 483 2868 εὐλόγους
511 2795 569 2869 τῆς
599 2785 799 2862 συνθέσεως.
851 2789 1063 2868 Πτολεμαίου
1094 2785 1163 2850 δέν

63 2910 91 2950 ει
109 2889 299 2973 γράψαντος
329 2901 399 2967 τοῖς
427 2888 564 2969 Ῥοδίοις
594 2894 632 2958 τὸ
665 2893 726 2975 μὲν
758 2903 892 2978 πρῶτον
924 2893 975 2958 ὅτι
1011 2890 1131 2974 πέμψει

110 2998 204 3062 σίτου
227 3000 358 3079 πλῆθος
381 2996 572 3075 αὐτοῖςκαὶ
595 3000 796 3084 στρατιώτας
815 3000 1028 3085 τρισχιλίους,
1050 2999 1131 3079 μετά

110 3103 147 3168 δὲ
178 3111 282 3168 ταῦτα
314 3106 618 3189 συμβουλεύοντος,
655 3105 714 3171 ἐὰν
745 3097 767 3196 ᾗ
799 3105 956 3187 δυνατόν,
992 3106 1131 3189 μετρίως

181 3331 473 3424 1συνηλλάλαξανΡ.
532 3330 599 3388 2τὸ
617 3331 748 3403 μέροςῈ.
809 3333 894 3388 4καλ
914 3332 1062 3423 δάκρυσιν]
1081 3333 1130 3386 καί

110 3403 159 3457 διὰ
182 3424 235 3471 ταρ
220 3403 308 3473 ραχὴν
333 3403 364 3471 F,
393 3420 462 3458 corr
489 3411 512 3458 2.
534 3423 570 3458 m
597 3404 628 3458 in
652 3421 740 3474 marg.
801 3404 874 3459 κατὰ
896 3402 999 3472 κράτος
1024 3420 1078 3457 om
1099 3403 1132 3454 F

109 3473 250 3529 θαίελΕ.
314 3475 351 3529 14
368 3474 396 3529 οἱ
413 3478 537 3530 πλεῖστοι
555 3492 610 3531 om
624 3476 656 3532 Ε
716 3475 782 3531 U
774 3497 791 3530 ο
813 3482 859 3529 Δα
857 3473 1041 3542 μοτεῖοςῖ
1059 3474 1105 3515 Δ
1081 3483 1155 3524 W

109 3545 187 3614 τελὴς
204 3546 289 3600 etiam
308 3545 481 3606 3122«)
500 3549 590 3606 αύτου
606 3547 693 3605 Υδοιι
