2460 3848
124 169 189 233 296
491 167 665 222 Diodor.XX
679 173 721 222 86.
732 174 774 222 87.
882 132 884 137 ¹

124 321 181 394 τῆς
217 313 344 388 πόλεως
384 312 557 397 εὐρώστως
593 315 666 378 τότε
703 314 764 395 μέν
798 272 883 397 ’ὅλην
919 314 980 398 τῆν
1016 313 1146 400 ῆμέραν

123 419 312 484 διετέλεσαν
348 417 528 504 ἀμφότεροι
563 420 670 484 πολλδ
705 420 790 484 κακδι
824 419 880 484 καὶ
912 420 1056 503 δρῶντες
1087 422 1146 486 καὶ

123 525 317 610 πάσχοντες·
341 536 399 609 τῆς
421 525 460 590 δὲ
481 527 602 603 νυκτὸς
623 527 686 610 ῆδη
709 527 1026 611 καταλαμβανούσης
1044 527 1062 592 ὁ
1081 528 1146 609 μέν

122 637 313 719 Δημήτριος
343 643 415 709 ταῖς
447 633 712 718 ῥυμουλκούσαις
742 633 865 699 ναυσὶν
896 633 1045 717 ἀπήγαγε
1080 636 1200 712 τάςοοδ

123 741 271 824 μηχανάς
298 741 399 805 πάλιν
427 737 487 817 ἐξω
515 739 646 822 βέλους·
675 741 708 804 ολ
735 739 773 804 δὲ
791 737 911 805 Ῥόδιοι
939 738 1038 825 ξηρᾶς
1059 739 1145 825 ύλης
1178 763 1191 804 ι

122 845 178 910 καὶ
205 847 307 933 δᾳδὸς
334 846 451 911 ἀκάτια
477 847 710 931 πληρώσαντες
736 848 792 912 καὶ
814 856 881 933 πῦρ
905 845 1082 929 ἐνθέμενοι
1104 849 1144 914 τὸ

122 952 183 1034 μὲν
215 962 348 1036 πρῶτον
379 951 611 1030 ἐπιδιώξαντες
641 953 847 1037 προσέπλεον
879 965 951 1030 ταῖς
982 964 1145 1038 μηχαναῖς

122 1069 193 1135 ταῖς
223 1071 289 1124 τῶν
319 1063 486 1143 πολεμίων
514 1060 570 1124 καὶ
601 1062 663 1145 τῆν
694 1059 780 1145 ύλην
810 1060 961 1145 ὑφῆψαν,
993 1062 1073 1141 μετά
1105 1062 1145 1126 δὲ

121 1173 289 1252 ταῦτατῷ
311 1172 429 1253 πλωτῷ
450 1166 568 1252 χάρακι
590 1168 737 1245 καὶτοῖς
759 1167 891 1250 βέλεσιν
910 1167 1145 1254 ἀνειρχθέντες

87 1290 104 1337 4
122 1274 449 1358 συνηναγκάσθησαν
471 1283 592 1359 χωρεῖν
615 1275 663 1350 είς
685 1273 839 1339 τούπίσω.
879 1285 937 1358 τῆς
960 1275 998 1340 δὲ
1016 1276 1145 1358 φλογὸς
1165 1297 1191 1336 ιο

122 1378 343 1464 ἐπισχυούσης
366 1379 474 1463 ὀλίγοι
496 1380 558 1462 μὲν
578 1380 838 1464 κατασβέσαντες
859 1378 1054 1465 ἐπανῆλθον
1077 1384 1144 1447 σὺν

121 1497 191 1563 τοῖς
216 1488 389 1572 σκάφεσιν,
413 1489 446 1552 ολ
468 1493 617 1553 πλείστοι
640 1487 678 1552 δέ
699 1487 884 1569 καιομένων
906 1499 974 1553 τῶν
998 1489 1143 1554 ἀκατίων

121 1591 396 1677 ἐξεκολύμβησαν.
441 1603 481 1678 τῆ
506 1590 536 1658 δ’
555 1594 714 1681 ὑστεραία
736 1596 818 1661 κατά
845 1594 906 1677 μὲν
928 1594 1101 1661 θάλατταν
1123 1595 1143 1662 ὁ

121 1703 311 1784 Λημῆτριος
334 1703 568 1785 παραπλησίαν
591 1699 767 1786 ἐποιῆσατο
790 1703 852 1785 τῆν
872 1700 1036 1785 ἐπίθεσιν,
1059 1705 1144 1768 κατδι

122 1806 159 1869 δὲ
185 1807 247 1890 τὴν
270 1815 334 1889 γῆν
360 1806 561 1891 προσέταξεν
585 1809 651 1890 ἀμα
677 1811 890 1893 πανταχόθεν
917 1808 1143 1892 προσβάλλειν
1162 1830 1189 1871 ιτ

121 1909 189 1994 μετ’
208 1912 399 1997 ἀλαλαγμοῦ
427 1914 483 1981 καί
506 1915 701 1999 σάλπιγγος,
729 1915 818 1992 ὅπως
845 1916 892 1992 εἰς
915 1914 1063 1998 ἀγωνίαν
1085 1917 1142 1980 καὶ

122 2021 232 2103 φόβον
255 2018 361 2111 ἀγάγη
384 2024 463 2097 τοὺς
482 2019 643 2105 Ῥοδίους,
670 2026 804 2087 πολλῶν
826 2032 894 2086 τῶν
917 2021 1142 2104 ἀντισπασμά-

121 2150 188 2191 των
211 2127 327 2192 ὄντων.

69 2236 109 2300 87
197 2235 362 2317 Τοιαύτην
376 2234 414 2299 δὲ
429 2236 491 2319 τῆν
505 2238 701 2318 πολιορκίαν
715 2235 936 2318 ποιησάμενος
952 2232 1005 2320 ἐφ’
1018 2226 1142 2319 ἡμέρας

121 2340 205 2405 ὀκτὼ
233 2343 291 2417 τδς
318 2341 379 2423 μὲν
402 2343 550 2426 μηχανάς
576 2343 635 2418 τδις
662 2340 716 2407 ἐπὶ
739 2351 799 2407 τοῦ
822 2342 970 2426 χώματος
992 2352 1063 2419 τοῖς
1085 2364 1140 2408 τα·
1161 2364 1189 2404 ιο

121 2450 302 2524 λαντιαίοις
316 2450 531 2531 πετροβόλοις
546 2447 734 2533 συνέτριψε,
753 2457 813 2514 τού
828 2449 865 2514 δέ
880 2449 1141 2533 διατειχίσματος

120 2555 157 2618 τὸ
194 2554 419 2637 μεσοπύργιον
452 2557 516 2619 σὺν
548 2555 661 2633 αὐτοῖς
696 2565 766 2632 τοίς
797 2555 938 2641 πύργοις
969 2555 1139 2621 διέσεισεν.

120 2661 340 2743 κατελάβοντο
369 2661 407 2726 δὲ
432 2662 489 2726 καὶ
515 2673 582 2727 τῶν
611 2675 817 2745 στρατιωτῶν
839 2685 927 2740 τινες
954 2662 1053 2744 μέρος
1079 2672 1140 2728 τοῦ

120 2768 209 2852 παρδι
232 2769 291 2832 τὸν
311 2767 427 2850 λιμένα
445 2770 716 2853 διατειχίσματος·
740 2767 796 2854 ἐφ’
813 2767 872 2845 οὓς
895 2768 1140 2855 συστραφέντες

121 2875 153 2938 οἱ
172 2872 290 2939 Ῥόδιοι
317 2874 424 2959 μάχην
448 2886 602 2960 συνῆψαν
625 2875 680 2940 καί
703 2874 943 2942 πολλαπλάσιοι
965 2878 1141 2958 γενόμενοι
1160 2897 1188 2938 τε

192 3102 302 3157 2κακὰ
321 3106 440 3171 δρῶντες
454 3105 484 3158 F.
536 3104 783 3174 ἀκαταλαβούσης
796 3104 825 3156 F.
877 3071 1140 3174 11ἐπισχ3ίσηςῶ.

120 3171 359 3299 ιιατοισβέσαντεςῆἼ
370 3176 401 3228 in
418 3192 506 3245 marg.
527 3176 631 3230 codicis
649 3175 671 3227 F
690 3182 714 3229 2.
730 3193 766 3229 m.
786 3175 876 3229 adser.
895 3174 1140 3245 συσκευασάμενοι.

119 3244 155 3298 12
173 3242 319 3314 καομένων
361 3286 367 3300 .
405 3247 528 3302 ἀκατιῶν
546 3247 576 3300 F.
631 3246 667 3300 16
685 3245 761 3309 ὅπως
779 3247 819 3309 εἰς
837 3244 962 3316 ἀγωνίαν
981 3246 1072 3319 ἀγάγη
1090 3249 1141 3301 καλ

121 3312 211 3407 φέρον
235 3316 275 3456 Βῆ
313 3319 374 3442 3167*
382 3327 450 3442 ντὸδν
476 3315 756 3443 οωίλθἙδιιατιέλοῗΞοντὸΕ1
766 3319 1141 3444 μεσοὲέρέιςνοδςὺζέῐμεοέἀ

87 3406 298 3584 fiQff}
314 3477 336 3516 e.
351 3411 381 3534 ἔ.
399 3431 451 3516 x&
466 3466 510 3532 58,
526 3462 554 3534 2)
578 3463 607 3516 ελ
626 3390 741 3531 Ροέγλιῶ
759 3431 809 3530 'Qui
823 3477 848 3515 ο.
861 3410 942 3529 ωῗΠ
954 3410 1020 3527 ὀξυ)
1043 3430 1140 3528 fisum}

104 3544 129 3590 Φ
157 3547 196 3582 ον
258 3550 294 3589 n.
