2460 3848
108 138 175 203 280
463 134 773 190 θυαεδαμ-τι.

106 281 249 364 κομίζων
272 290 341 357 τοῖς
364 280 492 364 ζεύγεσι
514 289 640 366 προῆγε
663 281 719 345 διὰ
741 291 798 365 τῆς
821 279 945 366 ἐρήμου
967 284 1048 364 μετὰ
1070 306 1127 347 κα-

107 389 290 465 κοπαθείας
322 387 378 452 διδ
410 389 447 452 τὸ
478 389 623 464 πολλοὺς
655 381 740 452 εἶναι
771 398 839 453 τῶν
870 388 982 452 τόπων
1012 393 1127 471 τελμα-

56 495 98 560 74
108 495 222 572 τώδεις
248 494 304 559 καὶ
330 494 471 577 μάλιστα
497 493 574 578 περί
600 494 641 558 τδι
667 494 855 575 καλούμενα
877 493 1048 579 Βάραθρα.
1095 496 1128 560 ολ

108 600 145 666 δέ
177 600 253 686 περὶ
282 602 342 666 τὸν
371 604 566 686 Δημήτριον
597 598 634 665 ἐκ
665 610 722 684 τῆς
753 600 858 685 Γάζης
889 600 1128 679 ἐκπλεύσαντες

62 772 65 777 ,
107 708 183 793 περὶ
210 707 312 789 μέσας
337 708 460 786 νύκτας
486 709 524 772 τὸ
551 707 613 790 μὲν
637 718 771 792 πρῶτον
797 708 910 786 εὐδίας
940 708 1042 791 ούσης
1068 706 1124 792 ἐφ’
1161 731 1165 769 ι

106 813 229 900 ἡμέρας
251 816 344 892 τινας
366 824 438 892 ταῖς
455 815 739 899 ταχυναυτούσαις
757 814 879 880 ναυσίν
897 813 1127 899 ἐρυμούλκουν

106 923 147 987 τδι
171 922 386 1006 στρατιωτικδι
408 923 522 1006 πόρια·
551 916 662 986 ἔπειτα
684 930 743 1003 τῆς
765 921 931 999 Πλειάδος
954 942 1127 1006 περικατα-

107 1027 340 1112 λαμβανούσης
368 1027 490 1105 αύτούς
516 1026 571 1093 καί
597 1028 785 1110 πνεύματος
809 1025 1046 1109 ἐπιγενομένου
1070 1031 1127 1110 βο-

107 1137 183 1218 ρίου
212 1133 336 1218 συνέβη
363 1136 471 1200 πολλδι
497 1145 565 1199 τῶν
591 1143 793 1219 τετρηρικῶν
816 1145 954 1218 σκαφῶν
976 1135 1043 1200 ὑπὸ
1065 1144 1126 1201 τοῦ

106 1251 265 1326 χειμῶνος
293 1249 533 1326 κατενεχθῆναι
559 1242 756 1325 παραβόλως
784 1238 839 1305 ἐπὶ
860 1242 960 1306 πόλιν
979 1238 1126 1325 Ῥαφίαν,
1146 1264 1165 1302 ιι

71 1366 86 1413 2
106 1342 213 1414 οὖσαν
231 1348 543 1433 δυσπροσόρμιστον
561 1347 617 1413 καλ
634 1347 812 1431 τεναγώδη.
849 1357 916 1413 τῶν
935 1348 973 1413 δέ
995 1349 1163 1413 πλοίων46

105 1467 174 1521 τῶν
205 1457 406 1538 κομιζόντων
434 1455 473 1518 τὰ
504 1453 584 1538 βέλη
616 1456 657 1519 τὰ
687 1454 750 1536 μὲν
775 1453 842 1520 ὑπὸ
874 1463 934 1519 τού
966 1465 1126 1538 χειμῶνος

106 1561 362 1646 συγκλυσθέντα
380 1560 559 1645 διεφθάρη,
581 1562 622 1625 τδι
645 1558 676 1624 δ’
692 1559 977 1645 ἐπαλινδρόμησεν
996 1562 1043 1637 είς
1064 1562 1127 1645 την

107 1670 227 1747 Γύζαν·
264 1679 335 1747 τοῖς
370 1669 408 1734 δέ
443 1669 630 1753 κρατίστοις
661 1676 729 1731 τῶν
761 1678 900 1751 σκαφῶν
931 1667 1126 1751 βιασύμενοι

71 1795 86 1841 3
106 1775 271 1842 διέτειναν
289 1775 384 1861 μέχρι
405 1784 466 1840 τοῦ
484 1776 624 1840 Κασίου.
661 1773 817 1839 τοῦτοδὲ
838 1783 899 1839 τοῦ
917 1774 979 1858 μέν
996 1776 1125 1840 Νείλου
1145 1795 1165 1835 11

106 1881 277 1966 διέστηκεν
305 1883 345 1948 οὐ
369 1881 508 1967 μακράν,
536 1880 695 1963 ἀλίμενον
717 1879 758 1947 δέ
782 1882 852 1946 ἐστι
878 1881 934 1946 καὶ
961 1882 1044 1947 κατὰ
1067 1882 1126 1959 τδς

105 1991 291 2075 χειμερίους
317 1989 525 2075 περιστάσεις
552 1988 828 2073 ἀπροσόρμιστον.
879 1989 994 2073 διόπερ
1024 1989 1124 2072 ἠναγ-

105 2095 241 2174 κόζοντο
270 2097 328 2174 τάς
352 2096 498 2181 ἀγκύρας
521 2094 661 2179 ἀφέντες
684 2094 727 2171 ὡς
751 2093 794 2159 ἀν
816 2092 854 2159 ἐν
877 2095 956 2159 δυσὶ
979 2095 1126 2172 σταδίοις

105 2203 171 2269 ἀπὸ
201 2214 259 2288 της
287 2211 347 2286 γῆς
377 2202 607 2284 ἀποσαλεύειν,
637 2202 703 2284 ἀμα
733 2207 869 2279 πολλοῖς
898 2203 1126 2286 περιεχόμενοι

105 2312 243 2389 δεινοῖς·
263 2319 323 2374 τοῦ
342 2308 404 2391 μὲν
421 2310 485 2393 γάρ
503 2308 675 2385 κλύδωνος
693 2307 903 2394 ῥηγνυμένου
923 2308 1126 2393 τραχύτερον
1144 2329 1165 2368 ει

105 2415 324 2482 ἐκινδύνευον
354 2414 524 2496 αύτανδρα
553 2415 593 2479 τὰ
623 2414 733 2499 σκάφη
767 2420 1036 2500 συγκλυσθῆναι,
1068 2424 1125 2498 τῆς

105 2523 142 2588 δέ
170 2533 231 2607 γης
258 2525 360 2606 ούσης
388 2520 655 2606 ἀπροσορμίστου
683 2521 738 2587 καί
763 2523 920 2604 πολεμίας
944 2523 1019 2587 ούτε
1043 2531 1126 2599 ναύς

106 2629 293 2708 ἀκινδύνως
327 2625 370 2713 ἦν
407 2633 591 2713 προσπλεῖν
628 2628 705 2693 ούτε
740 2631 819 2706 τούς
860 2629 984 2713 ἀνδρας
1022 2644 1125 2712 προσ-

104 2735 285 2822 νήξασθαι,
312 2737 350 2801 τὸ
374 2735 412 2800 δέ
434 2734 600 2819 μέγιστον,
623 2734 785 2800 ἐλελοίπει
807 2736 845 2799 τὸ
868 2736 916 2812 είς
938 2736 1043 2800 πότον
1066 2734 1123 2799 αύ-

104 2853 173 2921 τοῖς
204 2843 313 2928 ὕδωρ,
350 2845 397 2920 είς
432 2842 590 2927 τοιαύτην
620 2865 656 2907 τε
688 2840 811 2906 σπάνιν
842 2843 1125 2925 κατεκλείσθησαν
1144 2861 1165 2901 ιι

174 3001 192 3055 3
215 3002 279 3068 περὶ
301 3000 337 3055 τὰ
360 3001 518 3071 καλούμενα
540 3000 584 3071 Β.]
610 2999 674 3066 περὶ
694 2994 840 3067 κλειόμενα
859 3003 889 3052 Β.
909 2999 939 3063 F,
959 3015 1027 3052 corr.
1048 3004 1072 3051 2.
1087 3015 1123 3050 m.

103 3073 131 3126 in
151 3089 240 3143 marg.
279 3072 314 3127 cf.
333 3072 346 3124 Ι
365 3077 408 3139 30,
422 3078 452 3138 43
471 3070 536 3124 XVI
554 3077 597 3136 46,
612 3077 637 3126 ό.
698 3066 905 3138 δέρνμόλκουν
923 3068 974 3122 RX
993 3069 1124 3138 ἐρυμούλ-

103 3163 173 3198 κουν
186 3144 208 3197 F
223 3143 400 3216 (βαμουλκεῖν
418 3143 448 3197 in
466 3158 554 3213 marg.
575 3147 599 3196 3.
614 3144 674 3212 m.);
692 3140 783 3211 ἐρρυμ.
800 3141 883 3194 Dind.
940 3142 955 3194 7
974 3149 1075 3208 πορεῖα
1093 3141 1123 3192 F.

103 3215 121 3269 8
139 3212 237 3286 βορίου
255 3216 281 3269 R
300 3217 379 3284 (corr.
400 3220 424 3268 2.
439 3216 487 3282 m.)
506 3213 531 3266 X
550 3210 661 3284 βορείου
680 3211 710 3266 F.
775 3211 809 3266 11
828 3209 1074 3281 δυσπροσόρμητον
1093 3212 1123 3264 F.

104 3286 139 3340 15
157 3285 263 3348 Κάσιος
286 3287 317 3340 in
339 3301 428 3356 marg.
449 3285 508 3339 οοδ,
528 3284 550 3337 F
570 3291 594 3339 3.
609 3303 645 3339 m.
720 3283 755 3337 16
775 3279 882 3352 ’διέστη
903 3286 952 3336 aut
971 3280 1124 3337 διίσταται’

104 3356 215 3411 Reiske.
288 3357 324 3412 20
348 3365 397 3411 τού
421 3355 555 3429 μὲνγὰρ]
581 3356 697 3410 καὶτοῦ
716 3354 766 3424 μὲν
785 3355 814 3409 F.
869 3355 1021 3423 ταχύτερον
1044 3353 1124 3418 libri;

89 3442 160 3479 σοιν,
174 3427 269 3483 ahod.
329 3428 366 3484 24
384 3424 416 3484 τδ
432 3427 463 3484 δὲ
479 3427 514 3500 δὴ
530 3425 658 3500 μέγιστον
674 3427 705 3480 F.
742 3422 875 3480 ἐλελοίπει
892 3424 966 3478 libri.
1021 3425 1057 3478 25
1075 3426 1124 3479 καὶ

71 3493 117 3552 ‘lc
139 3498 284 3568 τοιαύτην
309 3500 419 3558 σπάνιν
440 3523 467 3558 κ.
488 3501 524 3560 F:
569 3502 610 3577 τε]
636 3500 673 3557 οδ.
690 3496 1010 3554 Κοοετιεε-θοῑΜῶ
1024 3502 1131 3561 Μῶα.
