2460 3848
99 200 141 265 82
459 196 573 251 Diodor.
583 195 647 249 XIX
661 202 704 251 51.
715 201 757 249 ὃν.

98 341 379 426 ἐπαγγελλόμενος
409 342 491 426 αὐτῇ
522 350 609 406 ναῦν
638 342 903 426 παρασκευάσειν
930 343 985 407 καλ
1008 343 1119 407 διακο-

62 459 185 532 3μιεῖν
218 452 265 526 είς
296 450 354 526 τάς
387 448 538 532 Ἀθήνας.
597 457 695 513 τοῦτο
729 445 760 512 δ’
786 445 952 534 ’ἔπραττεν
984 449 1024 514 οὐ
1060 459 1119 533 τῆς

98 559 260 642 σωτηρίας
290 555 551 639 προνοούμενος,
581 551 653 618 ἀλλ’
684 555 739 619 ἵνα
768 553 846 621 καθ’
877 555 977 640 αὐτῆς
1006 558 1120 640 φυγὴν

96 672 307 746 καταγνοῦσα
338 662 394 727 καλ
426 662 653 746 διαφθαρεῖσα
684 664 767 727 κατά
797 664 857 728 τὸν
894 668 1003 728 πλοῦν
1040 662 1120 754 δόξη

98 772 210 857 δικαία
241 768 523 853 περιπεπτωκέναι
554 770 707 854 τιμωρία·
753 769 925 852 εὐλαβεῖτο
958 771 1020 855 γάρ
1054 771 1120 853 άμα
1153 790 1164 830 ι

97 878 152 942 καί
184 878 221 941 τὸ
253 876 329 961 περὶ
362 875 467 959 αὐτὴν
499 873 624 958 άξίωμα
655 875 710 940 καλ
741 876 779 941 τὸ
811 887 879 941 τῶν
908 877 1120 942 Μακεδόνων

62 1001 78 1048 4
97 980 328 1066 εὐμετάβολον.
379 991 436 1066 τῆς
464 981 501 1046 δὲ
525 979 743 1064 Ὀλυμπιάδος
766 983 807 1047 οὐ
831 982 980 1068 φαμένης
1004 982 1120 1067 φεύξε-

98 1096 194 1173 σθαι,
216 1091 417 1155 τούναντίον
444 1086 475 1152 δ’
503 1087 634 1173 ἑτοίμης
657 1090 759 1173 οὐσης
781 1088 819 1155 ἐν
842 1099 922 1154 πᾶσι
945 1091 1120 1155 Μακεδόσι

97 1203 257 1281 κραθῆναι
286 1195 304 1261 ό
334 1196 534 1280 Κάσανδρος
566 1196 732 1279 φοβηθείς
762 1200 887 1280 μήποτε
918 1198 956 1261 τὸ
989 1202 1120 1280 πλῆθος

98 1303 221 1369 άκοῦον
240 1314 297 1388 τῆς
315 1304 510 1386 βασιλίσσης
529 1301 799 1386 ἀπολογουμένης
817 1303 872 1367 καλ
890 1313 957 1368 τῶν
972 1302 1120 1380 Ἀλεξάν-
1140 1325 1165 1364 ιο

97 1411 180 1495 δρου
204 1410 260 1475 καλ
284 1411 451 1474 Φιλίππου
475 1411 558 1494 πρὸς
581 1410 670 1474 άπαν
694 1406 796 1486 έθνος
818 1409 1017 1493 εὐεργεσιῶν
1040 1410 1120 1475 άνα-

96 1518 363 1600 μιμνησκόμενον
386 1519 586 1605 μετανοηση,
610 1517 801 1593 διακοσίους
823 1528 891 1582 τῶν
909 1526 1120 1601 στρατιωτῶν

97 1626 176 1700 τοὺς
199 1622 484 1707 ἐπιτηδειοτάτους
507 1622 676 1689 άπέστειλε
700 1624 783 1708 πρὸς
801 1623 916 1707 αὐτήν,
935 1622 1120 1708 προστάξας

62 1747 78 1796 5
98 1730 229 1795 ἀνελεῖν
255 1732 318 1814 τὴν
344 1732 510 1814 ταχίστην.
557 1726 650 1796 οὗτοι
672 1730 734 1813 μὲν
757 1723 820 1795 οὐν
843 1733 1120 1814 παρεισπεσόντες

98 1838 145 1912 είς
176 1837 237 1919 τὴν
269 1838 445 1920 βασιλικὴν
475 1839 594 1921 οίκίαν,
625 1838 669 1914 ὡς
703 1837 779 1902 ίδον
811 1838 872 1920 τὴν
905 1834 1119 1921 Ὀλυμπιάδα,
1140 1858 1164 1897 ιε

97 1942 370 2021 καταιδεσθέντες
402 1945 439 2009 τὸ
470 1945 546 2030 περὶ
577 1943 682 2028 αὐτην
711 1941 836 2024 άξίωμα
866 1942 967 2008 πάλιν
994 1943 1120 2028 ἀπεχώ-

99 2066 205 2135 ρησαν
237 2051 410 2135 άπρακτοι·
459 2053 491 2116 ολ
523 2051 561 2115 δὲ
592 2061 659 2115 τῶν
690 2048 906 2140 άνηρημένων
936 2061 1119 2134 συγγενεῖς,

97 2156 285 2244 Κασάνδρῳ
309 2159 559 2244 τεχαρίζεσθαι
582 2158 780 2240 βουλόμενοι
803 2157 858 2222 καλ
881 2166 950 2234 τοῖς
973 2163 1119 2223 τετελευ-

98 2267 233 2348 τηκόσιν
256 2263 394 2347 ἀμῦναι,
416 2262 626 2347 κατέσφαξαν
648 2265 709 2346 τὴν
730 2266 939 2347 βασίλισσαν,
959 2263 1119 2345 οὐδεμίαν

98 2370 220 2463 άγεννῖγ
243 2371 298 2436 καλ
321 2372 515 2453 γυναικείαν
538 2368 725 2454 προεμένην
747 2368 891 2447 ἀξίωσιν.
941 2367 1119 2453 Ὀλυμπιάς
1138 2392 1165 2432 εο

97 2476 159 2558 μὲν
189 2471 261 2559 οὐν,
290 2474 447 2560 μέγιστον
475 2487 543 2541 τῶν
572 2473 651 2542 καθ’
679 2476 783 2560 αὐτὴν
811 2475 968 2561 ἐσχηκυῖα
993 2477 1119 2560 ἀξίωμα

97 2583 152 2647 καλ
182 2582 382 2666 γεγενημένη
410 2583 563 2668 θυγάτηρ
591 2584 652 2665 μὲν
674 2583 911 2666 Νεοπτολέμου
939 2593 998 2649 τοῦ
1025 2589 1120 2668 βασι-

98 2688 179 2766 λέως
214 2700 281 2753 τῶν
313 2688 536 2774 Ἠπειρωτῶν,
573 2688 701 2775 άδελφη
738 2690 776 2755 δὲ
807 2688 1026 2775 Ἀλεξάνδρου
1057 2701 1118 2756 τοῦ

99 2796 359 2879 στρατεύσαντος
381 2799 429 2873 είς
447 2793 600 2881 Ἰταλίαν,
623 2784 671 2862 ἔτι
694 2797 732 2862 δὲ
755 2799 840 2882 γυνη
863 2797 925 2880 μὲν
949 2800 1118 2863 Φιλίππου

98 2912 157 2969 τοῦ
190 2908 345 2968 πλεῖστον
380 2903 576 2988 ἰσχύσαντος
607 2915 674 2969 τῶν
706 2906 770 2989 πρὸ
803 2904 907 2969 αὐτοῦ
939 2905 1021 2969 κατδι
1056 2907 1119 2990 την
1138 2924 1162 2964 ιι

97 3010 267 3094 Εὐρώπην
295 3010 603 3094 δυναστευσάντων,
626 3014 731 3096 μήτηρ
755 3011 793 3076 δὲ
816 3008 1034 3097 Ἀλεξάνδρου
1057 3021 1118 3077 τοῦ

98 3121 235 3182 πλεῖστα
263 3117 319 3181 καλ
348 3116 505 3182 κάλλιστα
532 3117 820 3203 κατεργασαμένου
844 3118 998 3202 τοιαύτης
1021 3141 1119 3184 κατα-

98 3234 245 3308 στροφῆς
268 3220 369 3308 έτυχε.

19 3396 23 3403 ·
169 3362 187 3417 8
205 3361 370 3418 τούναντίον
390 3360 418 3416 δ’
435 3362 519 3432 οὐσης
537 3361 646 3432 ἐκείνης
664 3361 774 3432 ἑτοίμης
792 3364 840 3430 Ρ,Ι
890 3364 925 3418 11
945 3363 1022 3419 ἅπαν
1042 3363 1117 3438 <τὸ>

87 3433 180 3494 ἔθνος
202 3434 288 3488 Πίαδ.
364 3433 401 3490 15
426 3429 503 3490 είδον
526 3435 555 3489 F.
633 3435 676 3489 22.
690 3434 734 3490 28.
748 3434 784 3489 24
811 3433 996 3506 γεγενημένην
1026 3439 1118 3506 θυγα-

72 3496 466 3580 ῖώθί-άδιίφὴν-γυνὴν
484 3508 514 3564 F.
559 3505 738 3576 Ἀλεξάνδρου
760 3515 809 3562 τοῦ
834 3508 1046 3578 βασιλεύσαντος
1068 3509 1117 3562 καί

55 3573 297 3641 στρατεύσαντος
314 3578 351 3635 Χ,
512 3622 521 3637 ,
