2460 3848
139 205 205 271 272
506 202 791 259 biodonxxome.

140 349 260 415 έπεσον
278 357 474 434 συμφοραῖς.
511 358 578 414 τῶν
604 350 668 433 γάρ
698 346 894 413 ἀποστατῶν
911 349 1051 432 Λιβύων
1077 353 1158 433 μετὰ

139 459 199 521 τὸν
230 454 438 540 ἐμπυρισμὸν
469 465 527 540 τῆς
558 457 767 540 παρεμβολῆς
799 455 854 520 καί
885 457 945 521 τὸν
976 459 1159 539 γενόμενον

139 565 294 649 θόρυβον
321 563 362 628 οὐ
390 562 626 647 τολμησάντων
648 561 818 647 προάγειν,
846 562 919 628 ἀλλ’
936 563 984 640 είς
1010 564 1157 630 τούπίσω

139 670 240 736 πάλιν
281 668 487 736 ἐπανιόντων
527 680 595 735 τῶν
627 666 806 752 Ἑλλήνωνι
833 668 920 746 τινὲς
961 670 1159 752 αἰσθόμενοι

139 778 339 861 προσιόντας
362 777 483 854 αὐτοὺς
503 776 559 841 καί
577 773 732 853 δόξαντες
750 777 811 860 τῆν
830 785 897 841 τῶν
915 777 1159 862 Καρχηδονίων
1191 799 1203 840 ι

140 883 284 966 δύναμιν
310 882 638 967 ῆκετνάπῆγγειλαν
666 892 736 959 τοῖς
765 882 842 967 περί
871 883 931 948 τὸν
954 879 1159 967 Ἀγαθοκλέα

105 1010 120 1057 2
139 991 282 1074 πλησίον
304 989 466 1075 ὑπάρχειν
488 990 526 1055 τὸ
549 1000 617 1057 τῶν
640 990 807 1071 πολεμίων
827 990 1061 1074 στρατόπεδον.
1097 999 1159 1056 τού

140 1096 309 1161 δυνάστου
346 1095 384 1162 δέ
419 1098 701 1181 παραγγείλαντος
737 1096 784 1176 είς
821 1095 906 1161 ὅπλα
942 1107 1073 1181 χωρεῖν,
1110 1096 1159 1175 ἐξ·

141 1203 279 1269 ἔπιπτον
297 1201 334 1269 ἐκ
351 1212 409 1287 τῆς
427 1203 680 1287 στρατοπεδείας
703 1202 737 1266 ολ
759 1212 954 1286 στρατιῶται
976 1205 1057 1286 μετὰ
1079 1209 1159 1270 πολ-

141 1316 202 1376 λοῦ
228 1310 392 1397 θορύβου.
443 1310 509 1393 ἀμα
536 1308 574 1375 δὲ
600 1318 658 1393 τῆς
685 1331 720 1373 τε
747 1310 829 1373 κατά
856 1310 918 1393 τῆν
945 1312 1159 1395 παρεμβολὴν
1178 1333 1204 1373 ιο

140 1418 266 1503 φλογὸς
293 1419 341 1494 είς
367 1417 453 1497 ύμος
480 1416 641 1502 ἀρθείσης
667 1415 724 1480 καί
745 1424 803 1500 τῆς
826 1426 893 1481 τῶν
915 1418 1159 1502 Καρχηδονίων

139 1535 286 1609 κραυγῆς
304 1522 504 1609 ἐξακούστου
519 1522 695 1607 γινομένης
712 1520 882 1605 ὑπέλαβον
896 1524 981 1608 πρὸς
997 1523 1160 1607 ἀλήθειαν

140 1633 218 1708 τοὺς
244 1631 436 1715 βαρβάρους
463 1628 573 1719 ἀπάση
600 1637 640 1714 τῆ
664 1629 805 1711 δυνάμει
827 1629 1008 1713 προσάγειν
1031 1627 1083 1694 ἐπ’
1100 1631 1159 1695 αύ-

106 1757 121 1805 ε
140 1738 227 1815 τούς.
263 1747 321 1821 τῆς
339 1738 372 1802 δ’
386 1734 569 1821 ἐκπλήξεως
586 1736 624 1801 τὸ
645 1736 870 1819 βουλεύεσθαι
892 1735 1159 1822 παραιρουμένης

140 1843 275 1910 ἐνέπεσε
307 1845 414 1930 φόβος
445 1845 492 1921 είς
523 1845 561 1908 τὸ
594 1843 820 1927 στρατόπεδον
846 1842 902 1907 καί
928 1840 1048 1920 πάντες
1075 1842 1158 1927 πρὸς
1177 1862 1203 1903 ιε

142 1951 255 2036 φνγῆν
280 1951 445 2035 ὥρμησαν.
491 1948 560 2016 εἶτα
587 1947 839 2036 προσμιξάντων
867 1948 981 2025 αύτοῖς
1006 1959 1073 2015 τῶν
1100 1953 1159 2014 Λι-

141 2058 235 2140 βύων
252 2058 383 2142 καὶτῆς
401 2058 522 2135 νυκτὸς
539 2059 672 2140 μείζονα
690 2056 752 2140 τὴν
770 2056 910 2138 ἀγνοιαν
929 2057 1160 2141 φυλαττούσης

142 2166 174 2230 ολ
201 2165 498 2249 περιτυγχάνοντες
525 2163 689 2248 ἀλλήλους
716 2162 760 2239 ὡς
783 2163 961 2244 πολεμίους
983 2163 1160 2246 ῆμύνοντο.

106 2272 224 2357 ιόλην
255 2272 293 2338 δέ
324 2273 386 2356 τῆν
417 2271 521 2336 νύκτα
552 2277 701 2354 πανταχῆ
734 2268 1018 2354 διασπειρομένων
1050 2270 1161 2335 αὐτῶν

142 2379 197 2444 καλ
219 2390 346 2465 πανικῷ
370 2377 509 2464 θορύβφ
533 2375 764 2461 συνεχομένων
787 2374 912 2460 συνέβη
935 2379 1071 2455 πλείους
1093 2369 1213 2480 τόίνχῗρθ6

141 2487 409 2570 τετρακισχιλίων
436 2485 664 2569 ἀναιρεθῆναι.
710 2483 974 2568 ἐπιγνωσθείσης
1000 2483 1039 2549 δέ
1065 2486 1161 2566 μόγις

142 2601 199 2676 τῆς
222 2592 380 2676 ἀληθείας
408 2593 440 2657 ολ
463 2591 685 2669 διασωθέντες
708 2589 902 2674 ἐπανῆλθον
924 2591 972 2667 είς
993 2591 1055 2674 τῆν
1078 2611 1160 2675 παρ-

143 2701 295 2783 εμβολήν.
341 2699 376 2763 αῖ
404 2699 466 2781 μὲν
493 2693 556 2765 οὖν
584 2698 740 2781 δυνάμεις
771 2697 954 2782 ἀμφότεραι
983 2698 1043 2762 τὸν
1073 2698 1161 2782 εἰρη-

142 2805 244 2889 μένον
263 2807 388 2892 τρόπον
410 2806 589 2891 ῆτύχησαν,
612 2803 867 2889 ἐξαπατηθεῖσαι
889 2805 971 2869 κατά
994 2804 1056 2887 τῆν
1078 2824 1160 2886 παρ·

143 2915 255 2996 οιμίαν
277 2922 347 2990 τοῖς
369 2923 478 2991 κενοῖς
500 2922 561 2979 τοῦ
583 2911 739 2994 πολέμου.
1179 2929 1206 2970 ²⁶

90 3021 132 3086 68
210 3019 415 3104 Ἀγαθοκλῆς
441 3019 493 3102 δέ,
520 3022 601 3102 μετά
627 3020 689 3103 τῆν
715 3017 899 3102 γενομένην
927 3017 1066 3101 ἀτυχίαν
1093 3025 1161 3081 τῶν

143 3126 204 3210 μὲν
227 3127 366 3209 Λιβύων
392 3126 548 3192 ἀπάντων
573 3125 788 3191 ἀποστάντων
815 3122 871 3189 ἀπ’
892 3123 1011 3208 αὐτοῦ,
1039 3133 1096 3207 τῆς
1124 3121 1161 3187 δὲ

215 3284 231 3337 1
255 3284 419 3339 ἀποστατῶν
445 3283 524 3374 Ηόεὶχ
557 3283 738 3338 ἀποστάντων
765 3282 850 3336 Dind.
925 3281 944 3334 5
968 3278 1106 3373 δόξαντας
1130 3279 1160 3333 F.

90 3451 93 3457 ·
144 3355 310 3482 ἓξὲξ
327 3350 1162 3497 X.16ljojgtfigfffflxfaddi}aanoffingffvffgffigd

144 3497 258 3568 flagitat
281 3494 466 3568 έφελκομένης
491 3500 541 3551 aut
562 3494 726 3566 περιθείσης
748 3500 798 3552 aut
816 3495 990 3565 παρεχούσης
1008 3496 1058 3547 aut
1075 3510 1161 3562 προσ-

137 3570 265 3639 αγοάσης
282 3572 334 3624 ναῖ’
352 3568 567 3640 έφεστανούσης’
585 3569 695 3623 Reiske.
