2460 3848
93 177 158 242 286
445 171 758 228 Diodor.xx⁷8-80.

92 343 195 403 μενον
218 318 350 385 ἀπιέναι
372 319 428 384 καὶ
450 320 494 403 μὴ
517 319 600 383 κατά
622 318 818 403 προαίρεσιν
837 317 1113 383 ἀπαλλάττεσθαι.

92 427 159 492 ὐπὸ
194 425 231 491 δὲ
260 426 389 492 τούτων
418 436 487 490 τῶν
518 427 757 510 παρακλήσεων
787 423 804 489 ὁ
827 424 1012 501 Διονύσιος
1040 447 1114 507 μετ-

94 533 268 619 εωρισθείς
282 531 517 618 ἐνεκαρτέρησε
535 540 616 597 πᾶσι
633 540 703 608 τοῖς
717 532 877 596 δοκοῦσιν
891 525 977 598 είναι
991 531 1115 609 δεινοῖς

93 640 148 706 καί
171 641 233 724 τὴν
255 639 316 722 μέν
337 640 443 726 ἀρχὴν
464 641 598 722 μείζονα
620 639 870 722 κατεσκεύασεν,
894 638 993 715 αὐτὸς
1016 638 1054 703 δέ
1077 637 1116 704 ἐν

93 757 163 824 τοῖς
192 747 312 830 ταύτης
341 752 454 823 καλοῖς
484 745 669 831 ἐγγηράσας
698 744 836 811 ἀπέλιπε
865 755 935 822 τοῖς
965 744 1116 829 ἐκγόνοις
1147 767 1161 806 ι

93 855 252 938 μεγίστην
274 863 341 919 τῶν
364 855 446 919 κατὰ
468 855 530 938 τὴν
552 853 722 938 Εὐρώπην
745 853 953 918 δυναστείαν.

43 959 84 1024 79
164 962 367 1045 Ἀγαθοκλῆς
386 962 418 1025 δ’
431 957 481 1026 ἐπ’
496 959 610 1025 οὐδενί
633 959 762 1025 τούτων
779 952 1015 1045 μετεωρισθείς
1035 958 1116 1025 οὐδὲ

94 1068 152 1144 τάς
166 1066 383 1151 ἀνθρωπίνας
401 1065 537 1144 ἐλπίδας
555 1064 723 1150 ἐξελέγξας
739 1075 779 1152 τῇ
797 1068 895 1153 πείρᾳ
910 1067 1169 1150 τηλικαύτηνιοε

95 1174 201 1268 ἀρχὴν
227 1170 365 1240 έκδοτον
392 1177 567 1259 πεποίηται
592 1183 665 1250 ταῖς
692 1173 890 1257 ὁμολογίαις.
935 1172 1055 1250 ταύτας
1080 1169 1111 1236 δ’

96 1281 355 1359 ἀσυντελέστους
382 1280 506 1365 συνέβη
534 1280 695 1365 γενέσθαι
721 1289 761 1367 τῇ
791 1280 853 1363 μὲν
873 1277 1116 1364 Ἀγαθοκλέους
1134 1302 1161 1342 ιο

41 1406 44 1411 ’
95 1388 285 1474 προαιρέσει
325 1389 550 1474 κυρωθείσας,
592 1389 648 1453 διά
689 1388 727 1453 δὲ
767 1389 829 1472 την
869 1386 1117 1479 Δεινοκράτους

60 1494 290 1573 επλεουεξίαυ
319 1497 362 1580 μη
392 1495 664 1581 προσδεχθείσας.
711 1490 808 1571 οὗτος
840 1495 904 1579 γάρ
935 1495 1116 1579 μοναρχίας

97 1604 144 1668 ώυ
171 1600 378 1686 ἐπιθυμητὴς
405 1612 463 1686 της
489 1602 552 1684 μὲν
579 1601 617 1668 ἐν
643 1612 715 1679 ταῖς
738 1602 994 1686 Συρακούσσαις
1016 1600 1117 1684 δημο-

96 1712 230 1795 κρατίας
260 1709 432 1793 ἀλλότριος
460 1705 514 1792 ἦν,
543 1718 583 1794 τῇ
612 1709 650 1774 δέ
675 1709 836 1797 ἡγεμονία
863 1717 903 1793 τη
931 1709 1005 1773 τότε
1032 1708 1117 1797 ούση

96 1817 172 1901 περί
191 1816 295 1882 αὐτὸν
311 1816 529 1901 εὐαρεστεῖτο·
549 1815 709 1902 ἀφηγεῖτο
729 1818 792 1901 γάρ
812 1818 918 1894 πεζῶν
931 1815 993 1899 μέυ
1007 1817 1117 1880 πλειό-
1136 1834 1163 1887 ιι

97 1948 167 1989 νων
192 1923 213 2007 ἣ
242 1924 438 2008 δισμυρίων,
470 1922 596 1990 ἱππέων
624 1922 662 1987 δὲ
688 1924 891 2007 τρισχιλίων,
921 1924 1051 1988 πόλεων
1079 1921 1117 1987 δὲ

96 2035 231 2095 πολλῶν
253 2030 309 2095 καλ
335 2030 497 2113 μεγάλων,
525 2029 609 2094 ώστε
637 2029 740 2109 αὐτὸν
762 2027 824 2110 μἐν
846 2033 1023 2094 καλεῖσθαι
1049 2037 1117 2093 τῶν

98 2136 260 2228 φυγάδων
293 2139 489 2223 στρατηγόν,
520 2145 560 2222 τῇ
593 2134 623 2200 δ’
648 2134 790 2222 ἀληθεία
821 2137 998 2220 βασιλικὴν
1030 2132 1118 2220 ἔχειν

97 2244 275 2329 ὑπεροχήν,
303 2254 360 2329 τῆς
388 2241 539 2321 ἐξουσίας
567 2244 668 2326 ούσης
691 2242 767 2326 περί
791 2241 894 2307 αὐτὸν
918 2242 1117 2328 αὐτοκράτο-

63 2366 164 2436 ερος.
219 2352 249 2416 εί
280 2349 438 2416 κατέλθοι
470 2351 502 2414 δ’
528 2351 576 2427 είς
606 2351 664 2426 τάς
696 2349 954 2434 Συρακούσσας,
986 2349 1118 2427 πάντως
1136 2369 1164 2410 ω

98 2457 280 2541 ἀναγκαῖον
321 2457 363 2521 ἀν
403 2453 446 2540 ἦν
488 2456 624 2540 ἰδιώτην
664 2456 826 2541 ὑπάρχειν
861 2457 917 2522 καί
955 2455 1014 2521 ἕνα
1043 2466 1118 2527 τῶν

98 2569 232 2629 πολλῶν
264 2563 498 2648 ἀριθμεῖσθαι,
529 2574 587 2648 τῆς
619 2563 818 2645 αὐτονομίας
850 2562 1028 2647 ἀγαπώσης
1056 2565 1118 2648 τὴν

101 2672 248 2754 ἰσότητα,
282 2667 320 2734 έν
350 2692 385 2734 τε
417 2680 489 2747 ταῖς
519 2672 737 2756 χειροτονίαις
768 2670 835 2735 ὑπὸ
866 2679 926 2736 τοῦ
959 2671 1119 2754 τυχόντος

100 2778 298 2861 δημαγωγοῦ
312 2785 626 2865 παρευημερεῖσθαι,
644 2786 704 2843 τοῦ
718 2781 871 2861 πλήθους
889 2776 1117 2860 ἀντικειμένου

99 2895 170 2960 ταῖς
196 2883 375 2970 ὑπεροχαῖς
400 2895 468 2950 τῶν
491 2884 625 2971 ἀνδρῶν
647 2895 715 2949 τῶν
742 2881 893 2967 ἀγόντων
919 2887 1165 2969 παρρησίαυ.“ιι

99 2990 215 3076 διόπερ
235 2993 439 3075 Ἀγαθοκλῆς
466 2991 528 3073 μὲν
551 2992 686 3068 δικαίως
712 2990 755 3056 ἀν
778 2990 906 3075 λέγοιτο
930 2989 1118 3057 λελοιπέναι

171 3186 189 3239 6
205 3186 339 3239 usitaffius
358 3188 528 3239 δυναστειῶν
547 3185 591 3254 (cf.
608 3201 630 3239 ε.
646 3203 686 3255 gr.
701 3183 766 3238 XVI
781 3191 805 3253 1,
816 3190 845 3251 ῶς
861 3190 903 3252 95,
914 3186 949 3253 2).
1004 3169 1057 3238 &9
1070 3202 1119 3251 τη·

100 3257 233 3326 λικαύτην
258 3256 374 3311 ἔκδοτον
400 3256 489 3326 ἀρχὴν
512 3255 601 3310 ἐποίει
622 3257 657 3323 F3
686 3255 824 3310 ἐποιεῖτοθ
852 3255 935 3310 Dind.
1008 3255 1044 3308 12
1087 3254 1119 3378 τῃ

100 3329 133 3382 οὐ
152 3328 182 3382 F.
239 3328 275 3383 14
292 3334 326 3400 τη
344 3325 404 3383 τότε
423 3327 517 3452 ούσηχ1
881 3388 884 3393 ,

95 3399 142 3465 (ef.
165 3399 234 3452 XIV
252 3406 277 3465 4,
293 3406 322 3467 23
344 3399 498 3453 Winer-Sc
518 3417 555 3452 m.
574 3417 602 3468 p.
618 3403 679 3468 101)
705 3399 876 3467 εὐηρεοτεῖτο
894 3398 924 3451 F.
997 3397 1032 3451 17
1051 3394 1116 3450 ὥστ’

79 3466 175 3552 αχύτάν
197 3469 329 3526 Καείίεεε
348 3489 378 3542 p.
400 3476 461 3528 307.
504 3473 656 3527 καλεῖσθαι
675 3469 723 3542 μὲν
741 3470 771 3524 F.
843 3469 879 3523 19
897 3469 1049 3540 ὑπεροχὴν]
1069 3468 1119 3536 ἀρ-

58 3552 125 3601 W
140 3537 174 3603 F,
198 3557 270 3596 corr.
295 3550 318 3598 2,
334 3562 376 3600 m.
397 3546 428 3601 in
450 3563 544 3619 marg.
619 3543 657 3600 2ss
676 3542 726 3616 μὶν
746 3540 846 3598 oud.

522 3332 556 3399 τῇ
574 3329 688 3399 τελούση
705 3325 764 3382 RX.
824 3327 859 3381 15
877 3327 1049 3394 εὐαρεστεῖτο
