2460 3848
440 188 593 255 01.119‚1:
613 186 779 242 304a.0h1e⁴
1053 192 1118 256 309

99 335 329 418 μισθοφόρων.
363 332 639 417 ἐπαγγειλάμενος
657 332 695 397 δέ
713 332 900 415 προδώσειν
917 331 1117 411 συνετάξαθ’
1138 352 1155 399 4

98 440 225 528 ἡμέραν
247 441 327 507 καθ’
343 441 386 524 ἣν
410 437 478 504 έδει
500 441 590 526 παρά
607 442 802 525 Δημητρίου
825 443 1025 524 πεμφθῆναί
1045 463 1120 505 τινα

99 559 167 613 τῶν
203 546 386 631 ἀξιολόγων
421 548 594 630 ἡγεμόνων
625 548 685 612 τὸν
716 547 836 622 νυκτὸς
868 546 1119 630 ἀναβησόμενον

100 656 156 720 διά
178 664 238 719 τοῦ
262 655 448 740 ὀρύγματος
471 656 518 730 είς
541 655 603 738 την
626 655 736 736 πόλιν,
764 653 852 730 ὅπως
878 652 1120 738 κατασκέψηται

68 763 159 827 ετδν
190 764 294 826 τόπον
326 763 386 826 τὸν
417 760 579 843 μέλλοντα
611 758 772 838 δέξασθαι
803 763 882 836 τοὺς
912 762 1119 846 στρατιώτας.

100 870 147 944 είς
174 866 310 944 ἐλπίδας
337 868 375 933 δέ
401 868 544 950 μεγάλας
569 868 704 952 ἀγαγὼν
726 870 805 944 τοὺς
827 867 903 953 περί
926 871 1154 953 Λημητριονσ

99 973 242 1058 ἐμήνυσε
269 984 309 1060 τῇ
337 979 457 1060 βουλῇ·
485 975 540 1040 καί
563 973 757 1057 Ιπέμψαντος
783 983 843 1039 τοῦ
869 974 1031 1058 βασιλέως
1053 984 1121 1038 τῶν

99 1081 175 1164 περί
203 1081 306 1147 αὑτὸν
334 1084 443 1166 φίλων
463 1079 682 1164 Ἀλέξανδρον
706 1083 767 1146 τὸν
789 1083 972 1147 Μακεδόνα
999 1089 1121 1147 τοῦτον

98 1188 160 1270 μέν
183 1188 353 1272 ἀναβάντα
376 1190 431 1253 διὰ
454 1199 512 1273 τῆς
535 1189 698 1272 διώρυχος
727 1187 915 1271 συνέλαβον
938 1190 971 1253 ολ
990 1186 1120 1269 Ῥόδιοι,

55 1316 81 1355 10
98 1297 158 1359 τὸν
182 1294 459 1382 δ”ίθηναγόραν
482 1293 717 1379 ἐστεφάνωσαν
742 1306 855 1380 χρυσῷ
884 1295 1037 1382 στεφάνῳ
1064 1297 1120 1359 καὶ

99 1402 229 1487 δωρεάν
257 1399 384 1468 έδωκαν
412 1402 575 1487 ἀργυρίου
602 1400 746 1465 τάλαντα
772 1400 886 1484 πέντε,
919 1401 1121 1477 σπεύδοντες

98 1509 154 1573 καί
184 1520 252 1574 τών
284 1510 395 1574 ἀλλων
426 1510 649 1593 μισθοφόρων
679 1507 735 1572 καί
770 1505 875 1585 ξένων
907 1506 1120 1573 ἐκκαλεῖσθαι

98 1617 160 1699 την
182 1617 266 1700 πρὸς
288 1617 348 1681 τὸν
371 1616 477 1698 δῆμον
500 1615 645 1680 εὔνοιαν.
912 1696 915 1702 ὁ

45 1739 97 1787 475
170 1726 360 1808 Δημήτριος
380 1722 418 1786 δέ
436 1731 504 1786 τῶν
521 1744 556 1786 τε
574 1732 731 1805 μηχανῶν
750 1722 839 1808 αὐτῷ
858 1721 952 1799 τέλος
970 1721 1120 1807 ἐχουσῶν
1130 1719 1173 1786 95

56 1850 80 1889 15
98 1829 154 1895 καί
176 1839 236 1895 τοῦ
260 1830 344 1913 πρὸς
365 1830 402 1894 τὸ
425 1837 533 1913 τείχος
555 1829 660 1893 τόπου
681 1830 806 1905 παντὸς
823 1828 1120 1915 ἀνακαθαρθέντος

98 1937 160 2019 την
191 1936 253 2018 μὲν
284 1934 437 2001 ἑλέπολιν
469 1935 573 2019 μέσην
606 1932 736 2019 έστησε,
773 1937 831 2013 τάς
868 1935 905 2000 δέ
936 1937 1121 2021 χωστρίδας

99 2043 244 2126 χελώνας
271 2041 460 2126 ἐπιδιεῖλεν,
491 2043 593 2119 οὔσας
622 2042 698 2127 [είς]
729 2043 826 2108 ὀκτώ
856 2042 1055 2126 κατέστησεν
1085 2043 1117 2106 δ’

100 2150 147 2224 είς
174 2147 330 2234 ἑκάτερον
353 2149 452 2235 μέρος
479 2159 537 2232 τῆς
563 2159 712 2235 μηχανῆς
736 2149 891 2234 τέτταρας
913 2149 969 2214 καί
991 2148 1119 2213 τούτων

99 2254 218 2346 ἑκάστη
255 2265 405 2339 συνῆψεν
442 2258 544 2321 στοάν
580 2258 661 2339 μίαν
692 2258 740 2333 είς
773 2258 811 2321 τὸ
844 2256 1015 2321 δύνασθαι
1046 2252 1115 2335 μετ’

55 2383 81 2422 κο
100 2361 281 2446 ἀσφαλείας
304 2361 466 2428 ἐπιτελεῖν
484 2365 521 2428 τὸ
544 2366 831 2449 προσταττόμενον
854 2365 933 2439 τοὺς
956 2364 1120 2438 εἰσιόντας

100 2492 134 2533 τε
157 2469 213 2533 καί
234 2469 336 2534 πάλιν
359 2467 520 2553 ἐξιόντας,
547 2472 750 2557 κριοφόρους
777 2470 815 2534 δὲ
843 2470 905 2534 δύο
931 2474 1119 2534 πολλαπλα-

100 2577 174 2652 σίας
195 2586 265 2653 τοῖς
288 2576 477 2661 μεγέθεσιν·
501 2571 568 2662 είχε
595 2579 659 2662 γάρ
683 2576 841 2661 έκατέραν
863 2587 978 2662 πηχῶν
1001 2575 1119 2642 έκατὸν

100 2683 214 2767 είκοσι,
238 2683 506 2770 σεσιδηρωμένην
528 2685 584 2749 καί
606 2686 668 2769 τὴν
691 2683 836 2768 ἐμβολὴν
854 2681 998 2769 έχουσαν
1016 2704 1120 2767 παρα-

100 2792 245 2874 πλησίαν
266 2791 350 2867 νεώς
373 2789 516 2878 ἐμβόλῳ,
540 2791 595 2856 καί
617 2789 883 2875 προωθουμένην
907 2791 968 2873 μέν
989 2790 1119 2874 εὐκινη-

56 2917 80 2956 ιι
99 2922 177 2981 τως,
205 2896 393 2981 ὑπότροχον
416 2898 454 2962 δέ
476 2898 532 2963 καί
554 2899 615 2982 την
638 2896 822 2981 ἐναγώνιον
845 2896 1017 2981 ἐνέργειαν
1040 2900 1119 2977 λαμ-

99 3004 272 3087 βάνουσαν
291 3004 335 3068 δι’
351 3004 484 3089 ἀνδρῶν
503 3005 565 3070 οὐκ
583 3002 768 3070 ἐλαττόνων
787 3005 807 3088 ἦ
828 3006 952 3089 χιλίων.
990 3001 1119 3085 μέλλων
1138 3019 1153 3066 2

100 3112 138 3177 δέ
164 3111 346 3196 προσάγειν
368 3112 427 3187 τὰς
453 3113 601 3195 μηχανάς
626 3121 696 3188 τοῖς
722 3114 844 3196 τείχεσι
871 3113 950 3186 τοὺς
977 3109 1038 3191 μὲν
1063 3129 1120 3173 πε-

171 3342 187 3395 l
208 3339 375 3407 συνετάξατο
393 3338 427 3394 Χ.
488 3337 656 3405 ὖδέξεσθαι
674 3340 704 3394 F.
766 3335 888 3393 Βαάτδν
906 3337 962 3391 XF.
1017 3338 1053 3392 12
1070 3338 1119 3392 καλ

100 3409 187 3476 ξένων
212 3430 265 3467 om.
289 3413 323 3478 R,
349 3411 440 3481 suppl.
461 3417 484 3465 1.
499 3430 536 3465 m.
613 3412 647 3466 17
672 3411 735 3482 [εἰς]
762 3410 816 3464 del.
839 3410 928 3464 Hertl.
949 3410 1010 3463 112
1033 3427 1060 3477 p.
1077 3414 1118 3462 20.

100 3481 135 3536 18
152 3481 288 3552 τέσσαρας
306 3485 335 3538 F.
408 3483 445 3537 22
469 3478 525 3553 εἶχε
550 3482 604 3553 γὰρ
629 3480 748 3549 ἑκατέρα
772 3481 888 3548 Ιίθίελῐο,
914 3481 964 3550 qui
989 3478 1119 3553 <δοκδν>

100 3553 226 3623 suppleri
244 3556 333 3610 iussit.
406 3554 442 3609 24
460 3552 700 3624 προσωθονμένην
719 3554 751 3606 R.
