2460 3848
432 208 585 277 01.11⁷‚s:
606 214 659 265 310
672 208 771 266 που.
1047 213 1108 278 191

92 354 273 439 γενομένης
290 355 372 420 κατά
395 364 463 420 πᾶν
480 356 518 420 τὸ
539 366 607 420 τῶν
625 355 868 440 Καρχηδονίων
886 355 1111 441 στρατόπεδον

93 464 126 528 οἱ
148 461 210 544 μέν
232 461 395 547 βάρβαροι
417 464 480 547 τήν
503 463 616 546 φυγήν
637 459 812 527 ἐποιοῦντο
836 463 919 547 πρὸς
940 464 1002 548 τήν
1020 466 1111 548 Καρ·

93 569 234 654 χηδόνα,
250 571 454 653 Ἀγαθοκλῆς
473 567 511 634 δέ
528 567 623 653 μέχρι
641 569 733 645 τινὸς
750 566 924 646 ἐπιδιώξας
942 567 1111 654 ἐπανῆλθε

39 675 153 743 415ιιαλ
180 678 242 761 τήν
269 675 527 761 στρατοπεδείαν
556 686 623 740 τῶν
650 676 894 760 Καρχηδονίων
919 675 1111 761 διήρπασεν.

62 779 214 849 εέπεσον
242 784 274 848 δ’
295 781 332 848 ἐν
359 791 399 868 τῆ
427 782 513 872 μάχη
542 793 611 847 τῶν
639 782 701 866 μέν
724 779 894 866 Ἑλλήνων
924 784 971 860 εἰς
1000 783 1111 848 διακο-
1122 782 1164 847 13

94 891 203 973 σίους,
224 901 293 955 τῶν
316 890 354 955 δὲ
371 888 614 975 Καρχηδονίων
638 888 678 954 οὑ
702 890 837 966 πλείους
859 891 986 974 χιλίων,
1010 889 1054 966 ὡς
1077 890 1108 953 δ’

31 992 898 1082 ,ὢφωωωώὼπῌωψως

162 1105 218 1170 Ἐν
242 1103 280 1168 δὲ
306 1111 346 1188 τῆ
374 1112 441 1167 τῶν
464 1102 707 1188 Καρχηδονίων
730 1106 922 1188 παρεμβολῇ
950 1105 1014 1168 σὺν
1041 1111 1113 1179 ταίς

44 1252 49 1261 -
93 1210 208 1287 άλλαις
237 1210 411 1294 ὠφελείαις
441 1208 631 1295 εὑρέθησαν
660 1207 780 1291 ἅμαξαι
809 1210 958 1293 πλείους,
991 1207 1028 1274 ἐν
1061 1201 1113 1287 αἶς

26 1343 75 1382 Διο
93 1314 257 1400 ἐκομίζετο
281 1317 378 1401 ζεύγη
401 1316 605 1402 χειροπεδῶν
628 1317 729 1381 πλείω
756 1325 824 1380 τῶν
853 1315 1050 1402 δισμυρίων·
1079 1314 1112 1394 ἐξ
1131 1332 1147 1381 2

93 1422 225 1506 ἑτοίμου
253 1426 317 1509 γάρ
345 1424 379 1489 οἱ
406 1423 569 1509 βάρβαροι
596 1426 773 1508 κρατήσειν
799 1421 1019 1507 ὑπειληφότες
1045 1435 1113 1488 τῶν

89 1526 259 1615 Ἑλλήνων
286 1529 571 1615 παρηγγέλκεισαν
598 1528 752 1613 άλλήλοις
781 1532 919 1614 ζωγρεῖν
949 1530 993 1606 ὡς
1023 1533 1113 1595 πλεί-

94 1652 193 1715 στους
219 1637 276 1703 καί
303 1638 463 1721 δήσαντες
490 1637 538 1712 εἰς
565 1638 790 1720 συνεργασίαν
815 1634 979 1719 ἐμβαλεῖν.
1025 1637 1147 1720 ἀλλ’,ε

94 1736 199 1829 οἶμαι,
227 1745 264 1809 τὸ
293 1743 468 1827 δαιμόνιον
491 1743 601 1829 ὥσπερ
625 1741 776 1827 ἐπίτηδες
799 1752 869 1820 τοῖς
891 1743 1113 1830 ὑπερηφάνως
1184 1753 1185 1757 ’

49 1873 76 1914 ιε
94 1849 373 1935 διαλογιζομένοις
395 1850 433 1914 τὸ
456 1848 550 1926 τέλος
572 1860 640 1915 τῶν
659 1849 949 1916 κατελπισθέντων
968 1852 1015 1929 είς
1036 1852 1113 1917 τοὺ·
1163 1860 1167 1872 “

93 1959 231 2022 ναντίον
258 1958 483 2040 μετατίθησιν.
528 1958 732 2042 Ἀγαθοκλῆς
760 1957 822 2041 μὲν
849 1952 912 2022 οὖν
939 1959 1113 2044 Καρχηδο-

93 2063 188 2139 νίους
215 2066 412 2148 παραλόγως
438 2068 575 2149 νικήσας
601 2068 762 2149 τειχήρεις
789 2073 953 2148 συνελχεν,
982 2066 1001 2149 ῆ
1031 2065 1112 2150 τύχη

94 2168 132 2233 δὲ
154 2166 293 2247 ἐναλλὰξ
321 2172 362 2236 τά
388 2175 619 2256 προτερήματα
644 2181 715 2249 τολς
737 2170 961 2255 ἐλαττώμασιν
984 2170 1113 2237 ἐπεισα-

93 2284 243 2358 γαγοῦσα
269 2279 349 2354 τοὺς
374 2276 597 2364 ὑπερέχοντας
625 2278 700 2344 ίσον
728 2277 926 2344 ἐταπείνωσε
958 2287 1027 2355 τολς
1058 2279 1113 2362 ῆτ-

49 2407 76 2448 ιο
93 2380 264 2464 τωμένοις·
297 2382 335 2449 ἐν
367 2386 505 2472 Σικελία
536 2385 598 2468 μὲν
629 2387 692 2470 γάρ
725 2386 953 2472 Καρχηδόνιοι
988 2385 1147 2475 μεγάλη4

93 2491 301 2573 νενικηκότες
337 2489 514 2572 παρατάξει
544 2491 746 2576 Ἀγαθοκλέα
779 2494 838 2570 τάς
871 2493 1113 2579 Συρακούσσας

94 2593 324 2682 ἐπολιόρκουν,
347 2596 385 2663 ἐν
407 2598 518 2688 Λιβύη
542 2599 580 2664 δὲ
600 2599 804 2685 Ἀγαθοκλῆς
826 2600 1004 2690 τηλικαύτη
1026 2599 1112 2691 μάχη

94 2707 298 2788 προτερήσας
335 2706 382 2782 είς
418 2708 614 2791 πολιορκίαν
650 2704 813 2772 ἐνέκλεισε
849 2709 1112 2792 Καρχηδονίους,

93 2809 149 2874 καί
180 2811 218 2875 τὸ
255 2812 543 2895 θαυμασιώτατον,
580 2811 598 2877 δ
636 2813 801 2897 δυνάστης
836 2815 919 2879 κατδι
954 2815 1016 2896 μὲν
1051 2816 1113 2899 τήν

49 2939 75 2980 ιε
94 2925 199 3000 νῆσον
217 2916 393 3003 άιιεραίους
415 2915 500 3004 ἔχων
517 2920 575 2996 τδις
598 2919 756 3001 δυνάμεις
778 2918 924 2985 ἐλείπετο
946 2931 1014 2986 τῶν
1032 2924 1112 3005 βαρ-

164 3147 180 3200 l
207 3143 354 3217 γενομένης
378 3147 408 3202 F.
463 3155 519 3201 τῶν
544 3165 598 3203 om.
621 3148 651 3203 F.
724 3147 816 3218 ὑμέν
840 3165 893 3204 om.
914 3149 945 3202 F.
1017 3147 1112 3203 (ἐτῶν

93 3213 189 3341 gum
211 3218 241 3272 F.
316 3217 541 3289 λγεγράφειοαν
563 3220 593 3274 F.
641 3219 724 3274 alite‘r
741 3220 812 3275 Just.
836 3219 913 3273 XXII
937 3226 961 3286 6,
979 3224 1007 3286 9;
1034 3218 1111 3274 Oros.

146 3288 300 3360 6(Wess.).
375 3287 533 3362 θπλείους]
552 3290 665 3360 πλήρεις
682 3291 713 3359 F,
732 3307 800 3346 corr.
821 3297 844 3344 2.
860 3309 895 3344 m.
969 3291 1004 3346 10
1040 3309 1112 3359 ειρο-

92 3355 187 3414 πίθων
214 3360 272 3415 RX.
351 3361 387 3415 12
414 3362 451 3423 ὡς
478 3379 531 3416 om.
555 3361 585 3417 F.
666 3362 702 3417 13
729 3363 763 3416 cf.
791 3361 906 3415 XXXIV
930 3368 963 3416 36
992 3311 1111 3433 (νέοιο).

94 3429 130 3483 16
150 3429 329 3501 περιτίθησιν
347 3432 377 3488 F.
450 3432 486 3487 18
508 3432 694 3503 ἐπεισάγουσα
711 3434 741 3488 F.
814 3433 849 3487 19
873 3433 940 3494 ἴσως
956 3434 991 3486 Κ,
1034 3434 1122 3496 Im-

93 3497 188 3570 μένοις
204 3502 234 3557 F.
307 3503 343 3559 20
360 3501 554 3576 Καρχηδόνιοι
572 3521 628 3562 om.
643 3505 679 3562 II.
749 3504 793 3560 ‘IX
811 3501 1040 3562 ewv'm'mssx
1050 3500 1091 3547 οἳ·
1105 3495 1150 3542 ὖ»

92 3587 114 3624 ε.
127 3590 155 3641 g.
169 3572 238 3628 XIII
250 3579 290 3643 ⁷2,
301 3581 324 3631 1.
400 3575 438 3634 25
455 3577 556 3652 βάρων
574 3579 609 3652 Κ,
630 3597 706 3637 eon.
724 3584 754 3637 θ..
765 3595 812 3632 m-
