2460 3848
439 199 481 254 01.
494 205 553 268 ιιι,
565 206 593 254 1:
613 205 665 254 ειν
680 215 705 253 a.
716 197 777 254 chr.
1056 202 1119 268 143

170 346 362 432 Νικάνορος
391 345 429 411 δὲ
449 354 517 430 Ιτοῦ
547 345 624 431 περὶ
653 344 793 429 Μηθίαν
823 354 1009 432 στρατηγοῦ
1040 346 1172 412 συν-92

100 456 283 549 αγαγόντος
310 452 361 519 ἐπ’
379 453 483 518 αὐτὸν
510 449 546 518 ἔκ
573 472 608 517 τε
631 453 768 536 Μηδίας
794 453 850 518 καί
873 453 1041 538 Περσίδος
1065 454 1120 519 καί

98 573 166 628 τῶν
194 562 359 645 σύνεγγυς
386 561 498 624 τόπων
526 561 726 646 στρατιώτας
752 561 870 639 πεζοὺς
896 560 958 643 μὲν
984 562 1121 637 πλείους

98 680 166 738 τών
193 670 333 754 μυρίων,
366 668 475 743 ίππείς
504 666 542 732 δὲ
569 668 646 753 περὶ
673 665 938 752 ἑπτακισχιλίους
967 667 1120 753 ὥρμησεν

68 778 181 841 εκατά
200 775 352 860 σπουδὴν
371 771 571 858 ἀπαντήσων
589 784 659 851 τοίς
681 775 858 857 πολεμίοις.
895 767 962 858 εἶχε
981 773 1019 839 δὲ
1041 777 1154 851 τούςκ

100 883 292 966 σύμπαντας
313 884 432 960 πεζοὺς
453 880 515 963 μὲν
537 883 673 958 πλείους
695 891 762 947 τών
785 883 987 966 τρισχιλίων,
1012 882 1121 959 ίππεῑς

100 989 138 1054 δὲ
165 989 405 1075 τετρακοσίους.
452 988 570 1070 διαβάς
597 988 635 1053 δὲ
661 989 721 1053 τὸν
749 990 867 1074 Τίγριν
892 990 1043 1071 ποταμὸν
1065 989 1121 1054 καί

100 1096 358 1177 πυνθανόμενος
376 1094 500 1179 ὀλίγων
517 1096 650 1181 ἡμερῶν
669 1094 751 1160 ὁδὸν
769 1093 903 1180 ἀπέχειν
923 1097 1002 1173 τούς
1023 1101 1121 1162 πολε-

99 1204 211 1286 μίους,
234 1198 358 1288 ἔκρυψε
379 1204 459 1279 τοὺς
481 1202 681 1287 στρατιώτας
704 1200 741 1267 έν
763 1211 834 1279 τοῖς
856 1206 999 1286 πλησίον
1022 1203 1120 1287 ἕλεσι,

56 1332 82 1372 ιο
100 1309 339 1392 διανοούμενος
366 1307 617 1395 ἀπροσδόκητον
640 1312 845 1393 ποιήσασθαι
872 1311 933 1394 την
957 1308 1119 1376 ἐπίθεσιν.

99 1415 118 1482 ὁ
148 1415 186 1481 δὲ
214 1416 375 1502 Νικάνωρ
406 1414 519 1501 ἐπειδη
549 1416 795 1501 παραγενηθεὶς
825 1414 879 1482 ἐπί
908 1417 968 1482 τὸν
1003 1420 1155 1503 Τίγρινε

98 1523 248 1605 ποταμὸν
278 1523 339 1608 οὐχ
369 1522 511 1609 ηὕρισκε
533 1526 614 1600 τοὺς
640 1525 834 1608 πολεμίους,
863 1523 1120 1609 κατεστρατοπέ-

99 1631 197 1696 δευσε
229 1632 313 1717 πρός
345 1653 412 1695 τινι
443 1633 603 1718 βασιλικῷ
637 1637 790 1719 σταθμῷ,
822 1633 966 1713 νομίζων
998 1631 1120 1708 αύτούς

98 1736 302 1823 πεφευγέναι
328 1738 541 1823 μακρότερον.
591 1735 826 1822 ἐπιγενομένης
853 1737 891 1803 δὲ
917 1739 1039 1815 νυκτὸς
1065 1739 1121 1804 καί

54 1865 80 1907 ιι
97 1855 166 1912 τών
195 1844 272 1930 περὶ
300 1843 477 1930 Νικάνορα
505 1846 845 1929 καταπεφρονηκότως
873 1845 929 1910 καί
959 1845 1120 1932 ῥαθύμως

99 1949 245 2036 ἐχόντων
274 1951 315 2016 τά
342 1951 419 2036 περὶ
447 1952 506 2028 τάς
536 1952 687 2036 φυλακάς
714 1949 880 2016 ἐπιπεσών
908 1951 925 2016 ὁ
953 1950 1120 2028 Σέλευκος

45 2059 200 2143 389ἀφνω
232 2059 361 2143 πολλὴν
393 2058 539 2144 ταραχὴν
570 2057 626 2122 καί
655 2055 857 2142 κατάπληξιν
888 2051 1119 2124 κατεσκεύασε·

100 2164 324 2244 συναψάντων
351 2165 415 2251 γάρ
442 2165 550 2249 μάχην
576 2175 645 2229 τών
672 2169 816 2250 Περσῶν
844 2163 969 2248 συνέβη
997 2161 1057 2229 τόν
1084 2182 1156 2230 τε4

100 2268 271 2357 σατράπην
292 2271 403 2337 αὐτῶν
421 2272 580 2357 Εὔαγρον
599 2280 713 2336 πεσείν
731 2272 788 2337 καί
809 2293 901 2347 τινας
923 2281 991 2336 τῶν
1009 2272 1120 2337 ἀλλων

52 2399 81 2439 ιο
97 2379 280 2462 ἡγεμόνων.
326 2373 367 2443 οὗ
391 2378 581 2461 συμβάντος
604 2379 637 2443 οί
659 2380 795 2454 πλείους
816 2388 884 2443 τών
908 2389 1118 2464 στρατιωτῶν

97 2485 140 2550 τά
169 2485 229 2567 μὲν
256 2486 316 2551 τὸν
342 2485 506 2551 κίνδυνον
532 2484 853 2570 καταπεπληγμένοι,
883 2487 923 2550 τὰ
953 2485 991 2551 δὲ
1016 2503 1119 2572 προσ-

99 2587 278 2670 κόπτοντες
305 2601 377 2669 τοίς
407 2588 465 2656 ὑπ’
488 2587 683 2676 Ἀντιγόνου
716 2591 954 2678 πραττομένοις
984 2593 1119 2676 μετεβά-

99 2701 199 2763 λοντο
235 2699 323 2784 πρὸς,
350 2698 528 2764 Σέλευκον.
584 2698 601 2764 ὁ
639 2698 677 2764 δὲ
707 2698 867 2785 Νικάνωρ
900 2701 970 2782 μετ’
996 2700 1155 2784 ὀλίγωνσ

100 2800 319 2890 ἀπολειφθείς
345 2806 401 2871 καί
429 2806 546 2882 δεδιὼς
573 2805 617 2889 μη
645 2805 824 2891 παραδοθῇ
848 2816 918 2883 τοῖς
939 2808 1118 2891 πολεμίοις,

52 2931 79 2972 ει
99 2907 204 2996 ἔφυγε
226 2913 308 2995 μετὰ
330 2923 398 2979 τών
422 2914 532 2998 φίλων
555 2912 612 2976 θιά
633 2920 691 2996 τῆς
713 2909 846 2997 ἑρημου.
892 2912 1059 2990 Σέλευκος
1081 2913 1119 2978 δὲ
1142 2905 1144 2911 ’

99 3018 272 3101 δυνάμεως
308 3017 411 3106 ἁδρᾶς
447 3019 626 3106 κυριεύσας
661 3018 716 3084 καί
753 3020 1002 3106 φιλανθρώπως
1038 3028 1119 3084 πᾶσι

99 3122 372 3212 προσφερόμενος
395 3126 518 3213 ῥαδίως
540 3125 768 3211 προσηγάγετο
791 3129 853 3210 τήν
870 3149 906 3190 τε
924 3127 1119 3210 Σουσιανὴν

170 3279 338 3352 ῙΜηδείαν
356 3283 387 3339 F.
459 3281 478 3336 4
500 3290 555 3337 τῶν
578 3299 631 3338 om.
650 3282 681 3336 F.
728 3279 830 3344 ἱππέας
850 3283 880 3336 F.
953 3282 989 3337 10
1006 3282 1118 3352 ποιήσε-

100 3357 170 3408 σθαι
192 3355 222 3409 F.
302 3354 338 3408 15
359 3350 651 3423 ααταπεφρουηκότων
676 3353 755 3421 libri3
782 3370 850 3409 corr.
870 3353 965 3423 Steph.
991 3354 1035 3423 (cf.
1054 3353 1118 3407 XIX

100 3429 143 3492 93,
157 3431 187 3493 23
207 3430 249 3492 96,
264 3429 299 3495 5).
358 3425 393 3480 1⁷
412 3425 601 3494 παρεσκεύασε
614 3426 645 3493 F,
665 3442 735 3480 corr.
749 3431 774 3478 2.
784 3443 824 3479 m.
880 3424 919 3477 KQ
938 3425 978 3475 σε
987 3426 1140 3484 &mm

98 3495 174 3567 (XIX
191 3503 235 3564 46,
250 3500 277 3566 2)
303 3497 411 3568 cogitat
434 3497 521 3554 Niese
536 3496 590 3554 LI.
632 3503 706 3554 „m
721 3503 789 3553 m.
859 3495 905 3547 Ὦ
929 3481 1171 3556 mmmm&

94 3564 344 3638 ''VWWWQ
356 3568 409 3625 ΒΧ
428 3516 693 3647 προστεταημάυοις
703 3571 749 3639 Ἐς
767 3585 847 3624 cm.
866 3563 941 3618 σοὶ.
957 3549 1089 3626 QX&
1101 3541 1191 3602 *Q-
