2460 3848
447 193 600 260 01.115‚4:
620 198 671 248 οτι
687 191 785 248 ποετ.
1083 195 1126 260 29

107 340 225 405 στάσιν
270 338 459 425 εὐχείρωτοι
508 345 762 405 κατασταθῶσιν
803 336 996 424 Ἀντιγόνῳ,
1047 353 1127 403 συν-

107 448 286 530 εβούλευεν
314 445 373 511 ἕνα
399 445 460 528 μὲν
487 446 531 530 μὴ
558 451 724 511 καθιστᾶν
747 445 909 529 ἡγεμόνα,
936 443 1062 521 πάντας
1089 444 1127 510 δὲ

106 555 186 630 τοὺς
211 552 491 639 προκεκριμένους
516 551 583 618 ύπὸ
611 561 671 618 τού
698 554 852 636 πλήθους
879 549 1047 636 σατράπας
1071 551 1127 615 καί

107 663 311 745 στρατηγοὺς
339 661 386 737 είς
412 662 474 744 τῆν
500 661 676 744 βασιλικὴν
704 659 811 743 αὐλῆν
838 660 1016 735 συνιόντας
1044 653 1122 723 καθ’

75 766 233 853 εῆμέραν
268 767 494 850 βουλεύεσθαι
529 775 625 852 κοινῆ
662 766 739 851 περὶ
770 776 838 833 τῶν
872 767 1126 851 συμφερόντων·

107 872 222 938 ἕστατο
249 874 314 959 γὰρ
334 872 536 961 Ἀλεξάνδρφ
563 874 807 957 τετελευτηκότι
835 874 939 958 σκηνὴ
967 873 1022 938 καὶ
1045 873 1161 938 κατότι

105 980 231 1064 ταύτην
248 982 389 1065 θρόνος,
408 981 491 1066 πρὸς
510 972 537 1069 ᾦ
554 981 698 1058 θύοντες
716 981 895 1046 εἰώθεισαν
911 978 1127 1064 συνεδρεύειν

106 1086 183 1172 περὶ
205 1098 273 1153 τῶν
295 1089 566 1171 κατεπειγόντων.
600 1087 735 1152 πάντων
758 1086 796 1151 δὲ
818 1085 1127 1170 διασημαινομένων

106 1195 143 1259 τὸ
172 1193 279 1280 ῥηθὲν
306 1194 351 1271 ὡς
377 1194 551 1279 συμφέρον
583 1193 758 1279 εἰρημένον
790 1203 914 1278 συνῆγε
941 1188 1019 1259 καθ’
1050 1192 1128 1277 ἡμέ-

61 1327 87 1366 10
107 1323 171 1385 ραν
203 1300 382 1387 συνέδριον
413 1293 488 1367 οίόν
522 1323 615 1378 τινος
651 1299 961 1386 δημοκρατουμένης
992 1302 1125 1377 πόλεως.

105 1407 187 1490 μετὰ
214 1406 252 1472 δὲ
279 1417 382 1474 ταῦτα
409 1411 649 1493 παρελθόντων
676 1408 786 1474 αὐτῶν
816 1409 864 1485 είς
891 1412 1009 1475 Σοῦσα
1038 1408 1161 1492 παρδε

106 1523 174 1579 τῶν
204 1515 604 1600 θησαυροφυλακούντων
635 1515 789 1600 Εὐμενὴς
821 1513 918 1597 ἔλαβε
951 1513 1127 1599 χρημάτων

106 1625 237 1705 πλῆθος
269 1622 350 1686 ὅσον
381 1618 425 1706 ῆν
458 1622 574 1687 ίκανὸν
606 1622 654 1698 είς
684 1623 742 1699 τὰς
773 1624 897 1707 χρείας·
934 1624 1025 1708 μόνφ
1062 1621 1125 1705 γάρ

106 1728 213 1814 τούτω
241 1728 296 1793 διὰ
323 1738 391 1794 τῶν
418 1727 603 1794 ἐπιστολῶν
626 1730 659 1794 οἱ
683 1732 831 1811 βασιλεῖς
854 1728 1126 1812 συνετετάχεισαν

61 1860 87 1900 15
107 1833 239 1899 διδόναι
257 1831 336 1900 καθ’
355 1835 388 1919 ὅ,
411 1858 443 1900 τι
464 1834 506 1901 άν
524 1835 625 1930 αὐτὸς
642 1847 847 1921 προαιρῆται.
880 1836 1126 1919 μισθοδοτήσας

107 1939 146 2005 δὲ
176 1942 254 2018 τοὺς
286 1943 487 2019 Μακεδόνας
518 1943 565 2019 είς
596 1940 630 2020 ἓξ
661 1951 767 2026 μῆνας
793 1942 939 2030 Εὐδάμῳ
972 1954 1017 2029 τῷ
1047 1943 1127 2017 τοὺς

107 2047 290 2131 ἐλέφαντας
306 2051 527 2133 καταγαγόντι
544 2051 623 2126 τοὺς
642 2047 678 2114 ἐκ
696 2058 753 2133 τῆς
768 2048 908 2133 Ἰνδικῆς
930 2046 1032 2115 ἔδωκε
1056 2049 1126 2113 δια-

107 2157 203 2220 κόσια
231 2156 390 2238 τάλαντα,
418 2166 464 2243 τῷ
494 2156 556 2239 μὲν
586 2158 672 2244 λόγφ
702 2157 785 2240 πρὸς
815 2158 873 2232 τάς
899 2167 967 2221 τῶν
993 2157 1126 2239 θηρίων

108 2261 271 2345 δαπάνας,
289 2273 335 2351 τῷ
354 2260 383 2327 δ’
397 2259 483 2351 ἕργφ
503 2264 558 2328 διά
574 2274 632 2347 τῆς
650 2263 775 2347 δωρεᾶς
791 2263 912 2346 ταύτης
926 2261 1126 2343 θεραπεύων

61 2394 89 2434 ιο
107 2370 168 2434 τὸν
195 2369 314 2455 άνδρα·
343 2362 370 2456 ᾤ
393 2371 456 2455 γάρ
480 2370 613 2436 άντων
636 2371 879 2448 στασιαζόντων
902 2363 1000 2445 οὗτος
1023 2385 1125 2454 προσ-

107 2482 220 2558 θοίτο,
245 2478 404 2560 μεγίστην
428 2475 570 2542 ἐποιεῖτο
595 2477 717 2562 ῥοπῆυ,
740 2481 1001 2560 καταπληκτικῆς
1023 2475 1125 2559 ούσης

107 2593 165 2667 τῆς
187 2594 255 2650 τῶν
276 2584 409 2667 θηρίων
426 2586 545 2668 χρείας.
582 2594 650 2649 τῶν
668 2580 699 2647 δ’
722 2584 833 2649 άλλων
851 2594 1029 2668 σατραπῶν
1053 2582 1126 2648 ἕκα-

108 2707 185 2766 στος
207 2686 324 2774 ἔτρεφε
347 2692 425 2767 τοὺς
448 2688 484 2755 ἐκ
501 2697 561 2775 τῆς
579 2688 638 2775 ὑφ’
657 2689 777 2756 ἑαυτὸν
795 2691 902 2775 χώρας
921 2695 1125 2775 συνηκολου-

107 2798 261 2880 θηκότας.
1145 2810 1161 2858 ο

62 2927 88 2967 ει
178 2902 332 2987 Εὐμενὴς
358 2903 420 2986 μὲν
447 2897 510 2968 οὖν
537 2902 574 2969 ἐν
601 2913 641 2990 τῆ
664 2909 837 2990 Σουσιανῆ
865 2905 1046 2989 διατρίβων
1069 2903 1126 2969 άν-

108 3010 271 3093 ελάμβανε
293 3012 355 3095 τῆν
378 3011 533 3094 δύναμιν,
551 3007 741 3095 Ἀντίγονος
764 3011 802 3076 δὲ
824 3010 1069 3097 παραχειμάσας
1089 3009 1126 3076 ἐν

179 3203 314 3259 δίστατο
339 3203 418 3287 Ιίλετὴ
444 3203 619 3258 οοετ.1)ἰιιδ.
661 3205 696 3258 cf.
720 3203 811 3259 XVIII
829 3211 871 3259 61.
951 3204 1124 3259 λελάθεσαν

107 3276 192 3359 Βὶοδ.
273 3275 292 3330 8
322 3276 455 3330 umtatius
487 3273 745 3345 ἐπισημαινομένου
777 3277 823 3345 (cf.
849 3274 978 3358 mfla,
994 3282 1023 3342 13
1050 3280 1124 3366 2ῆῖ

108 3350 241 3489 αμα
261 3347 313 3472 ,ό
329 3344 835 3487 ιωαιαιέυωίῆῑυ
851 3346 1141 3490 κύματα

108 3490 173 3561 σαν]
189 3487 406 3559 συνόττητανίδς
421 3488 640 3565 συνετετάχεσαν
653 3491 745 3550 mm.
779 3489 982 3547 mm.
1011 3483 1055 3534 Y«
1070 3490 1168 3528 ww*

100 3579 179 3626 γοντι
194 3561 227 3614 R.
300 3560 340 3619 20
357 3558 395 3619 διν
415 3581 470 3622 om.
486 3567 517 3624 F.
538 3563 708 3640 πρόσθοιτο
724 3565 823 3623 Um.
