2460 3848
447 185 601 253 01.116,1:
621 191 673 241 316
688 201 712 239 a.
724 185 787 241 chr.
1082 189 1125 255 35

106 332 309 418 τρισχιλίων,
338 332 447 408 ίππείς
474 331 767 416 δδτετρακοσίους
788 331 843 397 καί
865 341 933 396 τῶν
956 333 1127 398 εἰωθότων

106 437 280 523 σποράδην
307 438 494 520 διαβαίνειν
522 435 576 503 ἐπὶ
602 438 662 514 τὰς
680 439 858 522 ’προνομάς
883 437 946 504 ούκ
970 436 1127 517 ἐλάττους

106 544 343 631 ἑξακισχιλίων.
402 544 499 628 άφνω
537 544 574 610 δὲ
610 545 809 630 προσπεσὼν
844 545 1160 630 τεθορυβημένοιςε

105 653 184 729 τούς
206 652 268 735 μὲν
290 652 412 728 ἄλλους
435 651 541 728 εὐθὺς
563 649 738 736 ἐτρέψατο,
764 661 833 716 τῶν
856 651 893 717 δὲ
915 654 1126 719 Μακεδόνων

72 760 183 836 ιτούς
214 757 424 834 ὑποστάντας
453 765 494 843 τῆ
526 759 585 844 βίηι
615 758 671 823 καὶ
701 767 747 846 τῷ
775 760 899 842 πλῆθει
928 760 1127 845 κατισχύσας

105 874 229 950 φυγεῖν
249 866 297 942 είς
319 865 380 930 τὸν
402 864 551 946 ποταμὸν
573 863 699 941 πάντας
720 865 955 950 κατηνάγκασε.
991 866 1126 933 πάντων
1145 885 1160 935 σ

105 971 143 1037 δὲ
166 970 384 1058 ὁρμησάντων
406 969 460 1036 ἐπὶ
482 972 523 1035 τδι
545 976 645 1037 πλοία
666 979 770 1037 ταῦτα
792 971 854 1054 μὲν
876 972 942 1037 ὑπὸ
966 981 1026 1039 τού
1044 976 1126 1058 πλῆ-

104 1084 191 1156 θους
218 1088 286 1144 τῶν
314 1076 501 1161 ἐπιβάντων
527 1079 788 1162 κατεποντίσθη,
814 1089 883 1144 τῶν
910 1079 948 1144 δὲ
975 1080 1126 1166 διανήχε-

106 1191 188 1251 σθαι
214 1184 451 1270 τολμησάντων
473 1186 507 1250 οί
533 1189 681 1250 πλεῖστοι
707 1184 770 1268 μὲν
791 1184 857 1251 ὑπὸ
881 1194 941 1251 τοῦ
966 1186 1126 1273 ῥεύματος

61 1317 87 1356 ιο
104 1291 366 1378 παρενεχθέντες
402 1291 646 1376 διεφθάρησαν,
685 1291 793 1376 ὀλίγοι
830 1292 868 1358 δὲ
904 1293 1125 1378 διεσώθησαν.

105 1399 138 1464 οἱ
167 1399 205 1465 δὲ
234 1400 365 1485 άπειροι
395 1407 455 1464 τοῦ
485 1400 657 1481 κολυμβᾶν
686 1398 780 1476 ὄντες
808 1400 870 1484 τῆν
900 1400 1160 1484 αλχμαλωσίαντ

104 1515 162 1590 τῆς
184 1503 222 1570 ίν
244 1516 290 1592 τῷ
312 1516 447 1592 ποταμῷ
470 1510 624 1590 τελευτῆς
646 1508 885 1591 προκρίναντες
906 1506 1051 1591 ἥλωσαν,
1079 1510 1126 1586 είς

103 1614 384 1698 τετρακισχιλίους
406 1613 508 1689 ὄντες.
548 1608 739 1695 Ἀντίγονος
762 1613 800 1678 δὲ
822 1620 963 1699 θεωρῶν
985 1624 1125 1681 τοσοῦτο

103 1724 235 1804 πλῆθος
266 1717 499 1802 ἀπολλύμενον
530 1721 698 1804 βοηθῆσαι
729 1718 791 1802 μὲν
827 1721 890 1786 οὐκ
922 1721 1038 1806 ίσχυσε
1070 1723 1125 1787 διδι

59 1849 85 1890 ιι
104 1827 167 1910 τῆν
192 1836 261 1892 τῶν
287 1828 415 1892 πλοίων
441 1825 575 1909 σπάνιν,
605 1824 773 1892 ἀδύνατον
801 1826 839 1892 δὲ
868 1821 955 1893 εἶναι
982 1830 1125 1911 νομίζων
1137 1829 1177 1893 19

104 1933 166 2016 τῆν
189 1933 346 2016 διάβασιν
368 1930 539 2012 ἀνέζευξεν
562 1930 617 1998 ἐπί
639 1934 766 2009 πόλεως
788 1933 954 2018 Βαδάκης,
977 1935 997 2019 ῆ
1022 1945 1126 2000 κεῖται

104 2041 194 2125 παρὰ
217 2041 276 2106 τὸν
298 2040 449 2106 Μύλαιον
471 2041 629 2122 ποταμόν.
668 2038 770 2123 ούσης
793 2040 831 2105 δὲ
853 2050 911 2125 τῆς
934 2041 1126 2127 ὁδοιπορίας

105 2145 256 2232 ἐμπύρου
285 2147 341 2212 διὰ
367 2147 405 2212 τὸ
432 2145 575 2231 μέγεθος
601 2157 669 2212 τῶν
691 2146 868 2231 καυμάτων
894 2148 1063 2233 διεφθάρη
1090 2171 1125 2213 τε

105 2255 213 2320 πολλά
236 2254 369 2337 σώματα
390 2253 447 2320 καί
468 2254 506 2319 τὸ
530 2253 754 2338 στρατόπεδον
775 2254 823 2330 είς
845 2253 996 2336 άθυμίαν
1014 2252 1126 2319 ἐνέπε-

60 2383 87 2424 εο
105 2376 173 2426 σεν.
223 2360 264 2426 ού
296 2361 363 2446 μην
395 2358 466 2426 ἀλλ’
492 2359 530 2426 ἐν
560 2369 601 2445 τῆ
633 2358 854 2449 προειρημένη
886 2362 981 2425 πόλει
1011 2364 1159 2443 μείναςε

104 2465 227 2553 ἡμέρας
253 2469 347 2544 τινὰς
372 2467 429 2532 καί
454 2468 492 2532 τὸ
515 2467 746 2554 στρατόπεδον
763 2469 800 2532 ίκ
822 2477 880 2552 τῆς
901 2469 1126 2546 κακοπαθείας

106 2572 284 2657 ἀναλαβὼν
313 2571 422 2661 ἔκρινε
454 2573 638 2660 συμφέρειν
667 2572 905 2657 ἀναζευγνύειν
937 2575 984 2652 είς
1009 2571 1125 2658 Ἐκβά-

105 2704 189 2746 τανα
217 2691 275 2766 τῆς
304 2681 460 2766 Μηδικῆς
490 2680 648 2747 κάκείθεν
679 2679 870 2765 ὁρμώμενος
899 2688 1125 2748 κατακτᾶσθαι

105 2790 164 2866 τάς
187 2790 256 2854 άνω
279 2790 486 2875 σατραπείας.
531 2789 644 2856 ούσων
667 2784 698 2852 δ’
716 2786 806 2853 ὁδῶν
829 2789 891 2853 δύο
915 2798 982 2855 τῶν
1003 2813 1125 2875 φερου-

59 2916 87 2957 ει
106 2906 176 2961 σῶν
204 2897 251 2973 είς
274 2895 414 2980 Μηδίαν
441 2892 578 2983 ἑκατέρη
604 2904 735 2980 προσῆν
760 2918 793 2960 τι
820 2893 989 2981 δυσχερές’
1017 2896 1038 2980 ῆ
1063 2895 1125 2978 μὲν

177 3052 363 3124 δῆνάγιιασε
390 3052 420 3107 F.
492 3051 673 3123 8ίπιβατῶν
695 3051 754 3107 RX.
808 3050 1071 3120 κατεποντίσθησαν
1094 3053 1123 3106 F.

105 3123 141 3180 12
159 3121 359 3194 προκρίνοντες
371 3124 401 3192 Ρ,
417 3139 485 3179 corr.
501 3129 525 3177 1.
540 3141 576 3176 m.
634 3123 670 3179 18
688 3122 767 3187 ὄντες
784 3124 824 3187 είς
841 3121 1076 3194 τετρακισχιλίους
1089 3124 1124 3191 F3

106 3195 141 3250 cf.
155 3194 229 3251 Plut.
244 3196 323 3250 Eum.
335 3202 377 3250 14.
423 3194 459 3250 14
472 3194 500 3249 ίσ
517 3211 589 3250 νσαν
602 3194 635 3250 X.
681 3193 1124 3264 163αιάκης1ιΧΒυγάεηςΡ;

104 3266 172 3323 urbs
186 3267 285 3337 ignota
299 3265 345 3336 (cf.
359 3268 487 3336 Droysen
499 3215 518 3322 ὁ.
528 3267 546 3321 l.
583 3271 653 3321 ,268
667 3283 692 3321 ε.
704 3272 732 3334 13
746 3267 831 3322 Niese
844 3266 863 3320 1.
874 3267 892 3321 l.
907 3284 934 3334 p.
946 3272 998 3320 262
1008 3283 1033 3320 a.
1045 3271 1060 3320 3
1076 3268 1125 3335 qui

106 3338 142 3392 de
160 3335 272 3408 Σολόκη
295 3338 404 3408 cogitat
427 3336 529 3407 (Strab.
576 3336 614 3391 VI
633 3340 736 3407 1,18)).
809 3338 843 3393 17
859 3338 986 3392 Εὸδαῑον
1004 3338 1035 3404 F,
1055 3354 1123 3392 corr.

106 3415 131 3464 1.
146 3427 183 3465 m.
242 3409 278 3465 18
296 3408 412 3479 ἐφθάρη
430 3409 460 3464 F.
520 3409 555 3464 19
573 3408 614 3471 είς
631 3406 755 3479 ἀπορίαν
773 3403 849 3480 ἦλθε
865 3405 998 3478 θὲυὲπεοε
1011 3407 1151 3457 mmm

105 3480 274 3604 marg.)Xual
292 3479 420 3551 άθνμίαν
438 3481 467 3537 F.
516 3480 615 3540 ἔπεσεν
632 3481 699 3540 RK.
771 3480 815 3537 ‘R
832 3473 1047 3548 ὁρμδορενουῖ
1074 3465 1170 3528 ΝΜ·

98 3570 183 3619 μενοι·
225 3590 231 3606 .

999 3641 1039 3693 Q*
