2460 3848
150 193 217 274 274
493 255 496 260 ,
518 188 693 244 Diodor.xx
707 193 749 244 εο.
761 193 802 243 ιο.

98 337 140 402 69
152 339 314 420 φυλακην.
360 335 519 420 ἀναρχίας
542 328 605 409 οὖν
627 333 807 418 γενομένης
830 331 867 398 ἐν
890 343 935 422 τςῦ
959 332 1170 422 στρατοπέδῳ

59 431 63 448 ”
150 432 301 528 θόρυβος
326 439 371 526 ἦν
397 442 452 508 καί
479 441 603 526 ταραχὴ
631 440 687 505 καλ
713 451 771 526 της
799 441 921 516 νυκτὸς
949 438 1171 524 ἐπιλαβούσης

151 551 291 634 διεδόθη
320 551 417 632 λόγος
447 549 491 626 ὡς
521 548 664 631 πλησίον
692 547 778 612 είσλν
805 548 838 612 ολ
865 546 1024 630 πολέμιοι.
1074 546 1171 629 ἐμπε-

152 644 276 741 σούσης
304 656 342 720 δὲ
371 657 473 739 πτόης
502 655 557 720 καί
585 656 696 738 φόβου
723 662 866 719 πανικοῦ
897 653 1172 737 διεσκευασμένος

152 763 287 840 ἕκαστος
316 749 462 848 προῆγεν
490 760 527 827 ἐκ
553 769 611 845 τῆς
638 764 847 847 παρεμβολῆς
877 761 1016 838 ούδενδς
1045 782 1172 845 παραγ-
1202 782 1215 822 ι

116 887 132 936 2
152 869 336 955 γέλλοντος.
372 865 450 934 καθ’
469 867 510 933 δν
528 868 569 952 δὴ
593 870 716 952 χρόνον
737 870 770 933 ολ
792 869 852 933 τὸν
874 868 1045 952 δυνάστην
1067 889 1172 952 παρα-

153 964 375 1062 φυλάττοντες
402 975 464 1060 οῦχ
486 971 588 1058 ἦττον
610 985 677 1040 τῶν
700 975 810 1040 ἀλλων
833 974 1095 1060 ἐκπεπληγμένοι
1117 976 1173 1040 καί

153 1081 307 1167 δόξαντες
330 1081 396 1148 ὑπό
407 1069 517 1147 ’τινων
535 1087 711 1148 καλεῖσθαι
728 1080 850 1166 ταχέως
868 1079 987 1166 ἐξῆγον
1004 1083 1064 1147 τὸν
1079 1081 1173 1166 Ἀγα-

117 1188 277 1267 εθοκλέα
305 1187 537 1289 διειλημμένον
560 1189 702 1271 δεσμοῖς.
748 1189 785 1254 τὸ
808 1187 846 1252 δέ
869 1192 999 1273 πλῆθος
1022 1189 1066 1266 ὡς
1090 1188 1173 1272 ἴδεν,

153 1298 224 1376 ελς
228 1293 366 1375 έλεονέ
367 1295 473 1381 τράπη
496 1295 552 1360 καί
580 1295 700 1373 πάντες
727 1293 916 1378 ἐ’πεβόυν
899 1304 1043 1381 αφεῖναι.
1089 1295 1107 1360 ό
1136 1295 1174 1360 δὲ
1193 1316 1219 1356 ιο

152 1404 270 1485 λυθεὶς
288 1403 343 1469 καί
361 1425 419 1484 μετ
423 1401 503 1467 ’ίόλ
489 1404 572 1486 ίγειν
590 1400 691 1484 ἐμβδις
714 1403 761 1479 είς
783 1402 821 1467 τὸ
845 1408 1032 1487 πορθμεῖον
1051 1399 1174 1468 έλαθεν

153 1495 335 1587 ἐκπλεύσας
370 1510 453 1575 κατδι
488 1509 550 1592 τὴν
586 1509 686 1574 δύσιν
721 1532 779 1593 της
812 1509 978 1587 Πλειάδος
1014 1519 1174 1594 χειμῶνος

153 1619 257 1694 όντος.
304 1611 401 1693 οὗτος
428 1609 550 1698 μὲν
512 1638 575 1680 ουν
602 1625 659 1700 της
689 1616 775 1693 ἰδίας
802 1619 964 1715 σωτηρίας
992 1618 1174 1702 φροντίσας

154 1722 344 1807 ἐγκατέλιπε
364 1723 443 1799 τοὺς
461 1720 621 1805 υἱούς,
591 1723 649 1799 ούς
673 1724 705 1787 οἱ
728 1733 923 1807 στρατιῶται
946 1725 1006 1789 τὸν
1024 1722 1174 1808 δρασμὸν

155 1829 355 1907 ἀκούσαντες
379 1829 485 1926 εὐθὺς
507 1826 712 1913 ἀπέσφαξαν,
737 1829 792 1894 καί
815 1832 1019 1913 στρατηγοὺς
1041 1827 1074 1906 ἐξ
1097 1826 1174 1893 έαυ-
1194 1850 1221 1890 ιε

154 1947 221 2002 τῶν
253 1917 404 2018 ἑλόμενοι
436 1936 643 2018 διελύθησαν
674 1936 757 2019 πρὸς
789 1936 1058 2020 Καρχηδονίους,
1090 1935 1175 2000 ὥστε

154 2045 212 2121 τὰς
239 2045 352 2119 πόλεις
378 2041 418 2119 ἀς
447 2027 538 2126 εἶχον
567 2042 776 2125 παραδοῦναι
805 2041 861 2107 καλ
890 2045 1005 2125 λαβεῖν
1032 2043 1176 2108 τάλαντα

154 2152 326 2236 τριακόσια
346 2150 497 2226 καὶτοὺς
515 2147 577 2231 μὲν
596 2148 815 2232 αἱρουμένους
834 2171 914 2231 μετα
902 2150 1213 2236 Καρχηδονίων45

156 2257 349 2343 στρατεύειν
377 2256 571 2338 κομίζεσθαι
599 2256 678 2331 τοὺς
710 2255 761 2320 ἀεὶ
793 2255 989 2338 διδομένους
1021 2257 1177 2340 μισθούς,

155 2366 234 2440 τοῦς
266 2361 297 2428 δ’
324 2364 447 2438 ἀλλους
471 2362 526 2438 είς
556 2363 715 2427 Σικελίαν
747 2361 1024 2444 διακομισθέντας
1061 2367 1178 2446 λαβεῖν
1197 2384 1224 2437 ει

120 2471 348 2554 4ολκητηριον
379 2473 564 2534 Σολοῦντα.
616 2479 684 2533 τῶν
714 2469 776 2551 μὲν
808 2463 871 2534 οὖν
903 2481 1113 2557 στρατιωτῶν
1144 2471 1179 2537 οί

156 2578 292 2652 πλείους
319 2574 530 2658 ἐμμείναντες
557 2583 628 2651 ταῖς
655 2578 841 2659 συνθήκαις
869 2573 987 2660 έτυχον
1010 2587 1076 2642 τῶν
1100 2575 1178 2659 ὁμο-

158 2681 384 2766 λογηθέντων·
405 2682 478 2748 ὅσοι
496 2682 535 2747 δὲ
552 2683 610 2759 τδις
627 2684 739 2760 πόλεις
758 2682 1006 2767 διακατέχοντες
1024 2684 1179 2768 ἀντεῖχον

157 2799 228 2868 ταῖς
246 2791 325 2872 παρ’
336 2786 579 2872 Ἀγαθοκλέους
595 2788 735 2873 ἐλπίσιν,
754 2787 1079 2876 ἐξεπολιορκήθησαν
1095 2792 1179 2856 κατὰ

122 2897 283 2981 σκριίτος.
334 2890 382 2961 ὧν
412 2898 444 2961 οἱ
473 2897 700 2980 Καρχηδόνιοι
729 2900 808 2974 τοὺς
836 2895 898 2979 μὲν
926 2897 1090 2981 ἡγεμόνας
1119 2894 1179 2962 ἀν·
1198 2918 1225 2958 ιε

157 3051 528 3194 ειῖοίλζοένλὶἷλςε
509 3052 901 3192 ²⁶²9⁶⁶⁰c²²9091199nmfi⁰⁰91
913 3054 1011 3194 9999
1034 3051 1162 3180 199⁰
1151 3076 1179 3182 ες

158 3196 182 3254 8.
206 3196 224 3250 9
257 3196 320 3286 ἐξηγ
322 3216 394 3250 ον-
400 3196 525 3321 δεσμοῖς]
555 3195 674 3266 ἐξῆλθον
703 3193 752 3250 τὸν
779 3197 812 3251 Ἇ.
842 3144 1034 3266 διειλημμένον
1066 3199 1180 3265 δεσμοῖς

159 3266 389 3330 ἀπολιπόντεςδ.
462 3268 479 3321 9
498 3269 572 3321 εδεν
591 3268 621 3321 F
694 3267 728 3321 11
747 3267 788 3330 είς
805 3287 832 3322 τι
850 3271 1007 3336 πορθμεῖον
1030 3268 1099 3323 Melt
1100 3285 1147 3322 zer
1166 3269 1180 3321 Ι

158 3356 185 3407 p
200 3339 409 3394 526.12οέ
428 3338 612 3407 MeltzerIp
615 3344 695 3392 .528.
755 3339 790 3393 19
807 3340 873 3401 τοῦς
891 3339 935 3392 ἀεῖ
954 3337 1119 3408 διδομένους
1137 3341 1178 3412 μ]

158 3410 223 3470 τοῦς
248 3407 415 3478 δεδομένους
436 3430 462 3480 μ.
482 3409 540 3464 RX.
593 3357 655 3464 p.23
676 3409 711 3464 24
734 3410 863 3479 ἀντεῖχον
885 3418 947 3471 ταῖς
971 3429 1029 3479 παρ
1031 3409 1180 3479 ’Ἆγαθα

159 3478 255 3553 κλέους
279 3479 386 3535 ἐλπίσιν
414 3484 598 3551 (θαρροῦντες
624 3481 688 3534 add.
712 3481 756 3553 Ἑλ]
782 3481 858 3536 idem
881 3481 906 3534 II
927 3487 970 3546 26,
986 3487 1014 3549 9;
1014 3432 1178 3547 ρςΧΧΙΧθ

155 3546 393 3624 (πρνσ>ανεῖχον
424 3561 486 3615 ταῖς
517 3572 546 3606 ιτ.
573 3553 606 3607 Ἄ.
635 3550 742 3606 ἐλπίσιν
774 3552 864 3606 Ηεειι.
898 3570 938 3620 sp.
964 3553 997 3608 V.
1026 3570 1053 3621 p.
1079 3559 1178 3623 11'Isq.
