2460 3848
95 209 160 264 XIV
427 206 735 285 ,ARGUMEN'PUM

96 300 151 349 cap.

96 375 137 425 28.
165 369 419 440 Polyperchontem
434 369 576 424 Casander
594 368 739 438 promissis
758 368 892 437 praemiis
911 367 966 423 sibi
981 369 1115 425 conciliat

200 449 388 520 impellitque,
401 451 435 504 ut
448 449 608 516 Herculem,
622 464 717 518 regem
732 449 912 517 destinatum,
931 465 983 518 per
995 449 1115 504 insidias

202 532 370 600 exstinguat.

95 615 137 666 29.
165 610 345 679 Lysimachia
363 610 485 665 condita.

237 689 391 758 Cleomeni,
410 690 473 760 regi
491 689 788 756 Lacedaemoniorum,
808 690 897 744 Areus
916 689 1050 745 succedit.

237 770 270 824 Iu
296 770 394 825 Sicilie
419 770 545 825 Amilcar
568 769 720 840 Syracusas
746 772 831 825 noctu
857 769 930 824 clem
955 769 1060 826 adoriri
1086 774 1115 825 et

202 866 364 921 expugnare
382 852 474 920 parat.
512 850 568 906 Sed
587 867 651 904 cum
673 851 784 920 ingenti
802 850 884 904 clade
906 849 1034 919 repulsus
1053 849 1116 906 abit

201 930 358 985 Poenorum
373 931 524 998 exercitns3
543 930 668 984 Amilcar
682 932 782 1000 captus
791 930 944 999 Syracusas
954 930 1114 985 abducitur.

94 1015 137 1064 30.
166 1010 240 1065 Belli
261 1011 423 1080 inopinatos
447 1013 562 1065 eventus
587 1010 738 1066 historicus
762 1011 926 1065 admiratur.
963 1009 1113 1065 Amilcaris

201 1090 337 1145 trucidati
356 1092 442 1160 caput
456 1091 492 1144 ad
506 1091 692 1162 Agathoclem
705 1091 902 1160 perferendum
917 1093 1018 1145 curent
1032 1091 1113 1161 Syre-

203 1187 308 1226 cusam.

94 1257 137 1306 31.
165 1251 198 1305 In
227 1251 339 1306 residuo
363 1252 519 1306 Poenorum
543 1251 673 1307 exercitu
696 1268 759 1305 cum
786 1253 878 1306 metus
908 1253 937 1305 et
964 1251 1113 1306 dissidium

201 1332 296 1386 omnia
318 1330 493 1398 turbassent,
516 1331 697 1402 Agrigentini
721 1331 834 1387 Siciliae
858 1331 1008 1400 imperinm
1032 1348 1113 1387 occu-

200 1428 269 1482 pare
295 1414 445 1478 conentur,
475 1412 560 1467 misso
588 1410 745 1478 Xenodico,
778 1412 827 1480 qui
853 1410 952 1466 Gelam
983 1412 1111 1481 eliasque

200 1490 285 1546 urbes
304 1492 334 1546 in
352 1490 514 1547 libertatem
532 1493 667 1547 vindicat.

93 1577 137 1626 32.
165 1570 326 1627 Xenodicus
340 1571 501 1640 Echetlam,
520 1572 683 1640 Leontium,
704 1571 882 1626 Camerinam
896 1591 913 1626 a
927 1572 1110 1643 Syracusanis

202 1651 338 1707 defendit.
376 1651 615 1721 Syracusanorum
638 1652 767 1707 triremes
785 1652 888 1722 viginti
906 1653 1024 1708 navibus
1054 1654 1113 1708 fru-

200 1732 346 1786 mentariis
361 1730 473 1787 obviem
491 1732 593 1787 missae
608 1750 625 1785 a
634 1731 723 1787 classe
732 1732 838 1786 Punica
848 1734 1002 1802 agitantur,
1017 1734 1113 1789 decem

200 1812 427 1881 intercipiuntur.

94 1897 136 1946 33.
164 1892 289 1961 Accepto
305 1892 411 1948 ‘nuntio
436 1893 471 1946 de
493 1893 574 1947 clade
598 1910 712 1947 suornm
738 1893 770 1946 in
789 1893 886 1947 Sicilia
911 1911 982 1948 novo
1004 1897 1111 1950 terrore

201 1971 448 2042 Carthaginienses
474 1973 610 2042 perculsi,
638 1990 682 2028 res
705 1988 770 2026 vero
800 1971 966 2042 Agathoclis
993 1975 1024 2028 in
1052 1975 1112 2030 dies

200 2051 332 2107 laetiores
350 2052 444 2108 factae
462 2056 535 2108 sunt.
569 2053 625 2108 Sed
639 2055 702 2107 orta
716 2052 864 2108 altercatio
878 2053 952 2109 inter
964 2055 1112 2124 Lyciscum

200 2136 229 2186 et
238 2131 424 2202 Agathoclem
439 2135 590 2202 secuteque
599 2132 710 2201 Lycisci
724 2132 823 2188 caedes
832 2149 884 2202 per
892 2134 1112 2204 Archagathum,

200 2212 365 2283 Agathoclis
383 2213 485 2281 filium,
504 2215 615 2268 tantam
633 2213 663 2267 in
677 2213 777 2267 castris
791 2213 958 2269 seditionem
972 2215 1113 2281 excitavit,

200 2295 233 2346 ut
250 2310 341 2362 paene
361 2294 396 2348 de
415 2293 571 2363 Agathocle
591 2295 686 2347 actum
704 2296 786 2348 esset.

94 2378 136 2426 34.
165 2372 366 2428 Reconciliatis
384 2372 523 2428 militibus
542 2390 575 2428 eo
594 2374 656 2442 ipso
674 2376 800 2443 tempore
819 2390 882 2427 cum
896 2373 984 2428 Poeni
1002 2391 1049 2429 eos
1064 2375 1112 2430 de·

200 2453 323 2508 fecturos
337 2457 490 2523 sperarent,
505 2452 676 2524 Agathocles
686 2454 886 2522 necopinantes
900 2454 1112 2522 invaditiisque

200 2551 302 2589 novam
319 2534 434 2605 plegem
453 2533 565 2604 infligit.

93 2619 136 2667 35.
164 2613 197 2667 in
214 2613 299 2668 ltalia
317 2614 437 2668 Romani
456 2613 540 2668 simul
558 2632 623 2668 cum
636 2612 761 2668 Etruscis
775 2616 805 2668 et
818 2613 991 2668 Samnitibus
1004 2614 1112 2669 bellum

200 2696 310 2764 gerunt.
992 2758 998 2771 ι

94 2777 136 2828 36.
164 2773 271 2827 Romae
289 2773 401 2842 Appius
415 2773 548 2829 Claudius
563 2791 662 2829 censor
679 2775 757 2829 noris
771 2775 910 2828 institutis
923 2773 995 2829 bene
1009 2776 1111 2831 meret:

201 2869 275 2922 equa
294 2854 388 2922 Appia
406 2854 436 2908 in
453 2852 552 2908 urbem
571 2854 705 2922 deducta,
724 2855 770 2909 via
788 2855 882 2924 Appia
901 2856 1002 2922 strata,
1022 2855 1112 2926 megi-

201 2935 306 2987 stretus
325 2951 389 2988 cum
407 2932 490 3002 plebe
508 2933 625 3004 vulgati.

433 3085 475 3140 01.
492 3091 654 3154 118,1:308
669 3104 693 3141 a.
709 3086 772 3142 Chr.

94 3179 135 3228 37.
164 3175 350 3242 Ptolemaeus,
360 3176 484 3246 Aegypti
497 3176 637 3244 princeps,
651 3176 757 3245 Myndo
767 3175 875 3230 solvens
885 3175 1020 3231 Graeciae
1028 3177 1113 3232 urbes

200 3255 230 3308 in
252 3254 412 3310 libertatem
434 3272 556 3311 asserere
576 3256 680 3326 pergit.
717 3255 877 3326 Cleopatra,
900 3256 1054 3311 Alexandri
1072 3257 1112 3312 Μ.

200 3351 289 3403 soror,
313 3336 466 3391 Alexandri
488 3337 563 3407 regis
589 3337 768 3405 Epirotarum
796 3337 909 3404 coniux,
940 3338 1020 3391 ouius
1047 3354 1112 3393 eou-

196 3415 308 3484 iugium
325 3417 438 3487 generis
463 3434 548 3470 cause
570 3416 655 3471 duces
682 3416 787 3486 singuli
807 3416 991 3486 appetebant,
1015 3417 1112 3473 Sardi-

185 3493 241 3547 bus
258 3497 341 3551 iussu
359 3497 505 3571 Antigoni
524 3497 628 3554 occisa.

52 3567 97 3617 38.
126 3567 165 3622 In
184 3573 292 3630 Africa
312 3579 501 3650 Agathocles
526 3580 632 3638 relicto
662 3580 702 3634 ad
724 3578 870 3634 'iunetem
890 3576 949 3629 illio
966 3575 1130 3628 Poenorum
