2460 3848
111 187 175 253 120
469 182 768 241 θεάσωμαι.

74 346 90 396 6
109 329 251 415 ἀνεῖλεν,
281 327 319 396 έν
342 321 392 407 οίς
413 326 458 414 ἧν
479 329 534 396 καί
557 330 720 415 Αἰακίδης
743 329 761 395 ὁ
785 330 948 413 βασιλεύς.
995 329 1033 396 έν
1060 331 1128 397 ὀλί-

108 461 183 520 ναις
206 433 237 502 δ’
256 435 392 523 ήμέραις
432 441 610 521 τηλικαῦτα
635 441 774 522 ποιήσας
797 440 1026 523 προτερήματα
1053 461 1128 503 κατ-

109 543 268 628 επλήξατο
299 545 445 620 πολλοὺς
476 553 544 608 τῶν
575 545 738 609 Αἰτωλῶν
769 541 823 609 ἐπὶ
854 552 1016 610 τοσοῦτον
1046 545 1129 610 ὥστε

109 652 167 727 τὰς
189 650 375 736 ἀνοχύρους
398 651 510 727 πόλεις
533 647 690 732 ἐκλιπεῖν,
714 651 761 727 είς
779 650 818 716 δὲ
835 652 875 716 τὰ
893 651 1130 735 δυσβατώτατα

109 768 176 822 τών
199 757 289 843 ὀρῶν
312 766 502 842 συμφυγεῖν
524 757 605 839 μετά
627 756 753 822 τέκνων
775 757 831 823 καλ
853 769 1031 842 γυναικών.
1074 759 1161 824 καλε

108 863 231 945 τὰμὲν
252 864 329 949 περί
351 866 413 948 τήν
432 860 575 929 Ἐλλάδα
598 861 791 948 πραχθέντα
813 874 967 931 τοιοῦτον
990 861 1064 949 έσχε
1087 866 1183 932 τὸεττ

85 969 210 1046 τέλος.
504 962 508 970 ’
886 1000 888 1005 ’

57 1076 99 1142 15
180 1079 275 1143 Κατὰ
305 1076 343 1142 δὲ
364 1078 427 1161 τήν
445 1076 560 1143 Ἀσίαν
582 1075 782 1162 Κάσανδρος
804 1076 822 1142 ὁ
846 1086 903 1161 τής
921 1080 1050 1163 Καρίας
1073 1103 1131 1144 κυ-

111 1184 232 1269 ριεύων
261 1185 474 1267 πιεζούμενος
504 1193 550 1272 τῷ
583 1182 713 1271 πολέμῳ
744 1183 919 1250 διελύσατο
950 1185 1034 1271 πρὸς
1058 1181 1131 1250 Ἀν-

110 1292 247 1375 τίγονον
269 1282 369 1379 ἐφ’ςά
391 1293 470 1368 τοὺς
492 1289 553 1373 μὲν
576 1291 777 1376 στρατιώτας
797 1291 987 1376 παραδώσει
1003 1291 1132 1369 πάντας
1151 1316 1178 1355 ιο

106 1395 298 1487 Ἀντιγόνῳ,
316 1398 374 1475 τάς
388 1394 418 1462 δ’
433 1395 629 1481 Ἑλληνίδας
646 1399 759 1475 πόλεις
778 1397 984 1481 αὐτονόμους
998 1398 1131 1484 άφήσει,

110 1505 172 1589 τήν
201 1505 240 1570 δὲ
263 1507 465 1590 σατραπείαν
491 1505 535 1588 ήν
557 1505 722 1590 πρότερον
744 1497 811 1589 εἶχε
826 1505 964 1590 4δωρεάν
986 1503 1131 1591 καθέξει,

74 1610 244 1695 εβέβαιος
275 1612 323 1677 διν
356 1614 453 1697 φίλος
478 1607 667 1699 Ἀντιφάνη).
720 1612 801 1688 δούς
830 1611 868 1677 δὲ
896 1610 973 1697 περὶ
1002 1613 1131 1679 τούτων

111 1718 237 1804 ὅμηρον
256 1716 432 1802 Ἀγάθωνα
454 1719 513 1784 τὸν
537 1717 686 1804 ἀδελφὸν
708 1719 764 1784 καλ
786 1717 855 1800 μετ’
877 1718 991 1802 ὀλίγας
1009 1719 1133 1805 ήμέρας

109 1825 347 1909 μεταμεληθεὶς
382 1823 438 1891 έπλ
473 1834 545 1902 ταῖς
581 1828 767 1910 συνθήκαις
798 1826 858 1890 τὸν
889 1824 951 1907 μὲν
983 1825 1132 1912 ἀδελφὸν
1151 1848 1177 1888 ιι

111 1930 284 2012 ἐξέκλεψεν
315 1930 352 1998 ἐκ
383 1941 441 2017 τής
473 1932 625 2018 ὁμηρίας,
657 1933 741 2019 πρὸς
773 1931 811 1997 δὲ
833 1936 1045 2014 Πτολεμαῖον
1076 1933 1133 1998 καί

110 2038 280 2104 Σέλευκον
308 2038 652 2125 διαπρεσβευσάμενος
683 2037 778 2124 ήξίου
810 2036 953 2122 βοηθεῖν
984 2040 1046 2124 τήν
1077 2062 1132 2105 τα-

74 2147 235 2231 σχίστην.
295 2142 349 2232 ἐφ’
381 2137 431 2223 οίς
468 2144 658 2230 Ἀντίγονος
698 2147 946 2230 δεινοπαθήσας
987 2146 1132 2229 δύναμιν

111 2251 303 2320 ἀπέστειλεν
326 2251 380 2318 ἐπί
402 2255 464 2337 τήν
487 2251 712 2339 ἐλευθέρωσιν
734 2263 802 2318 τών
823 2255 955 2319 πόλεων
975 2253 1133 2319 καὶκατὰ

110 2369 175 2444 μήν
205 2360 261 2425 καί
293 2360 375 2424 κατὰ
405 2358 591 2443 θάλασσαν,
624 2368 683 2426 τοῦ
715 2359 777 2442 μὲν
810 2356 931 2426 στύλον
961 2360 1133 2445 ναύαρχον
1152 2382 1180 2422 ιο

112 2464 286 2543 ἀποδείξας
318 2465 466 2549 Μήδιον,
502 2475 562 2531 τοῦ
600 2466 638 2532 δὲ
669 2466 895 2553 στρατοπέδου
927 2470 1134 2552 καταστήσας

75 2573 298 2657 ιστρατηγὸν
328 2567 488 2654 Δόκιμον.
544 2567 638 2639 οὗτοι
674 2573 712 2639 δὲ
745 2570 1013 2660 παραγενόμενοι
1049 2574 1133 2660 πρὸς

111 2679 173 2764 τήν
204 2675 304 2744 πόλιν
335 2687 403 2744 τών
432 2681 612 2764 Μιλησίων
644 2680 722 2758 τούς
754 2703 789 2745 τε
819 2681 959 2758 πολίτας
990 2679 1133 2746 ἐκάλουν

112 2784 167 2851 ἐπί
193 2786 255 2869 τήν
284 2783 481 2872 ἐλευθερίαν
508 2787 564 2852 καί
585 2787 647 2872 τήν
671 2786 929 2872 φρουρουμένην
952 2787 1058 2873 άκραν
1081 2784 1134 2852 έκ-

182 2979 344 3104 4δύσβληιτα
361 2979 394 3032 X.
449 2979 654 3049 8Κάσανδρος
684 2980 869 3051 Κάσσανδρος
886 2979 919 3049 F)
938 2979 1005 3035 libri
1023 2997 1133 3048 omnen

105 3049 258 3119 ’Ἄσανδρος
309 3067 374 3119 θεας
394 3053 425 3106 at
443 3052 478 3106 cf.
494 3050 585 3106 XVIII
599 3057 646 3120 393
700 3052 782 3120 xm,
798 3058 955 3120 136225.
1005 3049 1134 3116 θπιεζύ-

111 3142 193 3192 μενος
212 3123 242 3177 F.
315 3122 351 3177 10
370 3124 549 3191 παραδώσειν
572 3123 602 3178 1¹¹.
671 3123 706 3178 11
729 3124 849 3193 άφήσειν
872 3124 902 3178 F.
971 3121 1006 3177 12
1028 3122 1079 3185 τὰς
1102 3123 1133 3177 δὲ

109 3191 282 3262 σατραπείας
306 3193 341 3257 ἃς
364 3191 500 3263 πρότερον
526 3188 582 3264 εἶχε
608 3195 717 3264 δωρὲαν
742 3192 875 3261 καθέξειν
898 3195 928 3263 F,
953 3211 1022 3249 corr.
1043 3200 1067 3248 λ.
1082 3212 1133 3262 m.;

109 3263 161 3328 τὰς
193 3265 224 3319 δὲ
257 3263 427 3334 σατραπείας
458 3264 565 3333 δωρεὰς
597 3265 631 3329 ἃς
662 3262 798 3335 πρότερον
833 3261 889 3336 εἶχε
922 3263 1039 3332 καθέξει
1074 3265 1133 3319 RX.

110 3335 147 3390 18
159 3333 316 3406 Ἀντιηίνον
329 3336 359 3392 F.
398 3337 476 3409 δούς]
492 3333 596 3391 δέδυκε
610 3336 640 3393 F.
698 3337 733 3392 17
748 3333 899 3409 Σέλευκον]
914 3336 1085 3405 Κάσανδρον
1100 3337 1134 3405 R,

106 3409 142 3458 εί
159 3424 229 3461 σοιν,
250 3413 275 3461 1.
289 3425 340 3475 m.;
363 3408 550 3476 Κάσσανδρον
569 3409 603 3476 F3
628 3410 663 3463 cf.
681 3407 745 3461 XIX
764 3413 807 3475 68,
823 3415 852 3476 2;
876 3409 911 3464 of.
931 3408 1058 3476 Droysen
1076 3406 1133 3462 112

83 3488 118 3534 P·
134 3480 188 3538 29,¹
203 3476 296 3532 Νιέιεε
312 3479 332 3534 I
342 3497 373 3549 p.
392 3485 446 3536 288
461 3496 486 3536 a.
498 3485 522 3537 3.
598 3479 634 3538 18
652 3479 877 3552 δεινοπαθήσας]
894 3479 1056 3551 ἀναβοήσας
1074 3478 1133 3534 RX.

70 3535 118 3588 28
133 3541 278 3601 usitatius
296 3552 495 3622 παρεκάλουν.
