2460 3848
110 183 176 247 222
465 178 580 234 Diodor.
589 178 640 232 XX
654 185 777 234 34-36.

110 325 156 403 ὡς
178 325 296 391 αὐτίκα
318 323 405 407 μάλα
427 334 495 389 τῶν
514 322 684 409 Ἑλλήνων
701 325 786 409 πρὸς
806 324 929 402 αύτούς
946 332 1133 410 μεταθησο-

109 431 231 516 μένων,
250 428 455 515 Ἀγαθοκλῆς
478 431 519 496 ού
543 431 659 517 παρείς
681 432 741 497 τὸν
758 433 877 518 καιρὸν
895 429 1054 516 ἐξήγαγεν
1076 430 1130 498 ἐπ’

75 539 233 617 εαύτοὺς
256 541 317 624 τὴν
340 539 492 620 δύναμιν.
531 539 563 603 οἱ
585 537 647 621 μὲν
670 532 733 603 οὖν
755 538 920 624 βάρβαροι
942 540 1132 622 νομίζοντες

110 649 189 723 τοὺς
211 644 385 722 ἐναντίους
408 644 594 731 ἀποχωρεῖν
614 646 698 733 πρὸς
721 645 858 729 αύτούς,
881 645 1041 728 οὐδεμίαν
1063 657 1132 711 τῶν

110 755 194 839 πρὸς
216 751 380 836 άλῆθειαν
402 752 644 837 πεπραγμένων
667 749 802 818 ἔννοιαν
825 750 1026 835 ἐλάμβανον·
1054 751 1072 818 ὁ
1097 749 1127 817 δ’
1165 774 1177 816 ε

107 861 312 944 Ἀγαθοκλῆς
334 859 379 936 ὡς
401 856 579 942 ἐπλησίασε
601 869 672 936 τοῖς
693 861 872 942 πολεμίοις,
896 859 992 944 άιγνω
1015 860 1053 924 τὸ
1072 879 1132 924 πο-

111 968 245 1050 λεμικὸν
277 963 456 1052 προσέταξε
492 967 667 1050 σημαίνειν
697 967 754 1032 καί
790 967 989 1052 προσπεσὼν
1022 968 1132 1031 πολὺν

110 1073 215 1140 ἐποίει
239 1075 356 1158 φόνον.
402 1073 435 1138 οἱ
462 1072 500 1138 δέ
523 1073 750 1158 Καρχηδόνιοι
776 1071 952 1160 παραδόξῳ
978 1073 1132 1155 συμπτώ-

110 1204 186 1265 ματι
214 1182 448 1266 περιπεσόντες
474 1179 530 1244 καί
557 1181 703 1256 πολλοὺς
726 1191 795 1246 τῶν
818 1190 1028 1266 στρατιωτῶν
1050 1179 1132 1245 άπο-

76 1306 91 1354 τ
110 1290 269 1372 βαλόντες
291 1287 487 1372 συνέφυγον
510 1289 558 1363 είς
579 1288 641 1371 τῆν
663 1290 884 1373 παρεμβολήν.
928 1288 1133 1372 Ἀγαθοκλῆς
1152 1309 1178 1350 ιο

110 1396 171 1478 μὲν
199 1390 262 1461 οὖν
285 1396 341 1460 διὰ
367 1394 428 1459 τὸν
450 1394 528 1459 υίὸν
556 1394 603 1470 είς
630 1395 709 1471 τοὺς
736 1393 895 1479 ἐσχάτους
922 1392 1034 1459 ἐλθὼν
1061 1418 1132 1460 κιν-

111 1503 236 1579 δύνους
254 1503 310 1566 διά
327 1511 385 1585 τῆς
410 1501 496 1577 ίδίας
519 1499 637 1586 ἀρετῆς
659 1501 700 1566 οὐ
723 1503 830 1583 μόνον
848 1500 947 1566 λύσιν
965 1496 1042 1586 εὗρε
1065 1512 1133 1568 τῶν

110 1620 231 1693 κακῶν,
254 1609 337 1674 άλλδ
359 1608 416 1673 καί
438 1609 517 1684 τοὺς
539 1610 719 1690 πολεμίους
740 1607 941 1692 ἠλάττωσεν·
965 1609 998 1673 οἱ
1019 1607 1056 1673 δέ
1074 1618 1134 1692 τῆς

111 1716 255 1792 στάσεως
281 1715 412 1797 μάλιστ’
433 1713 533 1779 αἴτιοι
560 1716 734 1798 γενόμενοι
756 1714 812 1780 καί
834 1725 902 1780 τῶν
925 1715 1036 1780 ἄλλων
1059 1715 1134 1780 ὅσοι

110 1823 194 1908 πρὸς
225 1823 285 1899 τὸν
317 1821 487 1905 δυνάστην
521 1820 702 1907 ἀλλοτρίως
733 1811 916 1905 διέκειντοη
941 1820 1026 1907 ὑπὲρ
1054 1823 1134 1898 τοὺς
1152 1841 1177 1883 ιε

111 1930 302 2006 διακοσίους
327 1929 435 2012 ὄντες,
463 1926 648 2012 ἐτόλμησαν
670 1928 754 2013 πρὸς
777 1929 856 2005 τοὺς
878 1928 1134 2013 Καρχηδονίους

111 2036 341 2120 αὐτομολῆσαι.
395 2035 489 2119 ῆμελς
525 2034 563 2100 δέ
598 2035 639 2099 τδι
675 2034 752 2118 περὶ
782 2034 916 2118 Λιβύην
947 2034 1003 2100 καί
1034 2038 1134 2100 Σικε-

23 2125 24 2129 ¹
111 2145 187 2209 λίαν
214 2144 451 2227 διεληλυθότες
476 2142 743 2225 μνησθησόμεθα
770 2141 826 2206 καὶ
852 2151 921 2206 τῶν
948 2139 986 2207 ἐν
1011 2141 1134 2228 Ἰταλίᾳ

110 2250 338 2335 πραχθέντων.

56 2356 100 2422 35
187 2363 261 2423 Τῶν
297 2357 360 2440 γάρ
402 2361 585 2438 Τυρρηνῶν
624 2353 897 2440 στρατευσάντων
937 2353 991 2420 ἐπί
1032 2355 1133 2420 πόλιν
1152 2376 1179 2417 νο

85 2495 87 2499 ⁴
110 2463 280 2546 Σούτριον
307 2463 447 2527 άποικον
466 2458 633 2543 Ῥωμαίων
656 2461 688 2526 ολ
715 2461 776 2544 μὲν
798 2461 921 2527 ύπατοι
948 2460 1133 2544 δυνάμεσιν

111 2569 228 2655 άδραίς
255 2567 521 2652 ἐκβοηθήσαντες
543 2566 701 2652 ἐνίκησαν
723 2569 809 2659 μάχη
832 2570 911 2645 τοὺς
938 2571 1133 2653 Τυρρηνοὺς

75 2675 165 2741 κκαλ
193 2673 399 2752 συνεδίωξαν
426 2676 474 2752 είς
500 2675 562 2759 τῆν
589 2678 813 2761 παρεμβολήν,
841 2676 875 2740 ολ
902 2675 939 2741 δέ
966 2680 1132 2740 Σαυνῖται

109 2783 192 2847 κατά
210 2790 331 2847 τοῦτον
353 2783 413 2847 τὸν
435 2784 560 2868 χρόνον
580 2784 710 2868 μακράν
728 2781 958 2866 άπηρτημένης
980 2791 1038 2865 τῆς
1057 2779 1133 2848 Ῥω-

110 2891 217 2972 μαίων
244 2888 416 2971 δυνάμεως
443 2889 548 2966 ἀδεῶς
574 2887 748 2975 ἐπόρθουν
775 2900 842 2954 τῶν
861 2886 1026 2972 Ἰαπύγων
1053 2891 1133 2967 τοὺς
1152 2909 1177 2951 τε

110 2997 150 3061 τά
178 2993 344 3079 Ῥωμαίων
376 3005 596 3082 φρονοῦντας.
650 2997 766 3082 διόπερ
802 2996 1065 3080 ἠναγκάσθησαν
1100 2998 1134 3063 οἱ

109 3102 232 3168 ύπατοι
261 3104 403 3189 διαιρεῖν
430 3104 488 3180 τάς
515 3102 673 3186 δυνάμεις
699 3103 755 3168 καὶ
785 3103 911 3186 Φάβιος
936 3103 998 3185 μὲν
1026 3101 1064 3169 ἐν
1091 3113 1132 3190 τῆ

182 3261 198 3315 l
224 3257 488 3330 μετατεθησομένων
513 3259 564 3313 RX
591 3260 637 3331 (cf.
663 3259 754 3314 XVIII
777 3266 820 3327 69,
836 3266 865 3328 23
889 3259 1006 3316 Crfinert
1027 3278 1064 3315 m.
1085 3260 1132 3317 Gr.

110 3331 191 3386 Hero.
206 3350 233 3400 p.
245 3335 374 3401 27'lsqq.)
392 3328 622 3402 μεταβησομένων
636 3332 670 3399 Ἐς
690 3348 759 3386 corr.
774 3331 857 3386 Dind.
922 3331 940 3386 4
958 3332 1061 3394 αύτούς
1074 3333 1132 3388 RF.

104 3403 145 3455 14
157 3401 271 3470 μάλιστ’
288 3403 417 3458 αίτιοιΒ
441 3403 486 3471 (cf.
506 3403 629 3458 Kaelker
645 3421 673 3471 p.
689 3406 764 3473 30⁷);
789 3403 876 3458 ceteri
897 3402 1015 3472 μάλιστα
1036 3403 1132 3460 αίτιοι.

88 3469 133 3522 28
151 3472 300 3530 Σαυνίται
324 3475 390 3544 ΒΡς
419 3474 455 3531 cf.
482 3473 549 3531 XVI
574 3480 619 3544 45,
637 3479 668 3544 83
693 3473 760 3528 XIX
783 3480 828 3543 10„
845 3482 869 3529 1.
946 3474 982 3529 24
1007 3474 1134 3547 ἀπηρτη-

68 3535 161 3600 stlta}
177 3542 213 3612 1¹⁷,
236 3561 309 3602 εοιτ.
331 3553 357 3604 2.
375 3567 413 3604 m.
