2460 3848
435 197 589 266 01.115‚4:
610 204 660 253 ειι
676 197 774 255 ποετ.
1074 203 1115 269 19

95 347 369 432 παρανομήσωσι,
396 345 525 410 τούτων
548 345 652 411 αύτὸν
675 344 884 432 συνάρχοντα
912 347 1014 431 λόγον
1037 346 1117 412 άπο-
1149 393 1151 399 -

96 453 228 519 διδόναι
259 453 343 518 κατά
373 453 452 530 τούς
483 454 616 535 νόμους.
671 454 947 538 συγχωρήσαντος
983 452 1021 518 δέ
1056 462 1116 518 τοῦ

96 563 249 645 πλήθους
272 569 452 646 μοναρχεῖν
475 553 573 636 οὗτος
595 560 657 642 μὲν
679 557 916 645 ἐχειροτονήθη
936 561 1118 646 στρατηγὸς

96 666 309 753 αὐτοκράτωρ
338 664 394 730 καὶ
425 666 463 730 τὸ
496 667 615 732 λοιπὸν
648 676 801 752 φανερῶς
831 664 1031 732 ἐδυνάστευε
1062 667 1118 733 καί

65 783 153 859 ιτῆς
176 773 303 849 πόλεως
325 769 513 854 ἐπιμέλειαν
536 771 693 857 ἐποιεῖτο,
720 783 788 837 τῶν
813 769 844 837 δ’
863 773 1027 860 ἀκεραίων
1049 779 1118 840 Συ-
1137 791 1153 841 5

96 882 263 966 ρακοσίων
299 881 332 945 ολ
368 880 430 963 μὲν
464 880 520 944 διά
551 881 611 945 τὸν
644 881 754 965 φόβον
784 879 1008 964 ἠναγκάζοπο
1040 905 1120 966 καρ-

96 997 217 1074 τερεῖν,
252 988 286 1052 ol
322 982 353 1051 δ’
384 985 451 1051 ύπὸ
487 995 547 1052 τοῦ
580 990 734 1071 πλήθους
769 989 1022 1072 κατισχυόμενοι
1058 989 1119 1072 τήν

97 1092 225 1181 ἔχθραν
248 1095 296 1171 είς
321 1094 422 1158 κενὸν
445 1093 507 1158 ούκ
534 1092 682 1176 ἐτόλμων
709 1091 955 1160 ἐνδείκνυσθαι.
1001 1094 1119 1159 πολλοὶ

97 1201 136 1267 δέ
161 1201 217 1267 καί
241 1210 309 1266 τῶν
332 1199 468 1284 ἀπόρων
490 1201 547 1266 καῖ
568 1200 758 1287 κατάχρεων
781 1201 918 1283 άσμενοι
941 1201 1003 1284 τήν
1024 1224 1119 1284 μετα-

54 1331 80 1371 ιο
96 1309 203 1393 βολήν
221 1304 475 1392 προσεδέξαντο·
495 1305 713 1391 ἐπηγγέλλετο
731 1308 796 1392 γάρ
815 1304 1020 1393 Ἀγαθοκλῆς
1037 1310 1120 1374 κατὰ

96 1416 159 1500 τήν
191 1413 368 1498 ἐκκλησίαν
399 1413 455 1478 καί
486 1423 594 1501 χρεῶν
627 1413 797 1491 ἀποκοπάς
827 1417 1029 1498 ποιήσεσθαι
1064 1416 1121 1481 καί

96 1531 168 1598 τοῖς
189 1520 307 1604 πένησι
331 1521 443 1607 χώραν
467 1521 688 1607 δωρήσεσθαι.
726 1520 791 1585 άπὸ
815 1520 852 1586 δέ
874 1521 1004 1586 τούτων
1026 1524 1155 1605 γετό-ο

84 1651 197 1711 μενος
223 1637 283 1693 τοῦ
311 1628 372 1709 μὲν
395 1623 444 1692 ἐτι
472 1627 631 1711 φονεύειν
652 1626 673 1711 ή
697 1627 847 1706 κολάζειν
870 1628 963 1705 τινάς
986 1628 1120 1713 ἀπέστη,

97 1737 362 1819 μεταβαλόμενος
403 1733 434 1798 δ’
469 1735 517 1811 εἰς
556 1732 756 1799 τούναντίον
793 1733 1011 1818 εὐγνωμόνως
1052 1746 1122 1813 τοῖς

53 1863 80 1904 ιι
98 1845 243 1927 πλήθεσι
265 1841 490 1928 προσεφέρετο
513 1840 568 1906 καλ
591 1843 736 1917 πολλοὺς
759 1840 820 1922 μὲν
843 1840 1037 1927 εὐεργετῶν,
1060 1843 1122 1908 ούκ

98 1949 235 2033 ὀλίγους
262 1946 293 2013 δ’
316 1946 526 2032 ἐπαγγελίαις
553 1950 767 2034 μετεωρίζων,
793 1947 919 2025 πάντας
946 1948 984 2014 δέ
1011 1952 1122 2034 λόγοις
1165 1969 1169 1975 ·

100 2055 355 2142 φιλανθρώποις
379 2056 586 2139 δημαγωγῶν
610 2053 650 2119 ού
673 2056 807 2138 μετρίας
834 2054 1000 2140 ἀποδοχῆς
1028 2054 1122 2140 ἐτύγ·

85 2185 208 2259 ,χανεα
255 2159 340 2247 ἔχων
367 2161 406 2227 δὲ
429 2160 630 2246 τηλικαύτην
653 2161 854 2226 δυναστείαν
876 2161 954 2226 ούτε
979 2161 1122 2247 διάδημα
1142 2181 1157 2230 ι

85 2269 263 2353 ,ἀνέλαβεν
294 2270 372 2334 ούτε
404 2269 619 2354 δορυφόρους
651 2261 739 2352 είχεν
772 2268 849 2333 ούτε
885 2266 1123 2347 δυσεντευξίαν

56 2397 83 2437 εο
100 2375 273 2461 ἐζήλωσεν,
300 2375 383 2460 άπερ
408 2375 548 2440 εἰώθασι
571 2383 680 2439 ποιεῖν
703 2375 824 2460 σχεδὸν
847 2375 990 2453 ἅπαντες
1012 2377 1045 2442 ολ
1067 2377 1123 2442 τύ-

101 2506 228 2570 ραννοι.
283 2481 470 2566 ἐπεμελήθη
508 2480 547 2546 δέ
581 2481 637 2546 καί
670 2491 738 2546 τῶν
769 2483 948 2569 προσόδων
979 2483 1034 2548 καλ
1065 2494 1123 2569 τῆς

100 2601 168 2656 τῶν
196 2591 308 2656 ὅπλων
336 2589 391 2654 καλ
418 2591 527 2671 βελῶν
553 2597 778 2675 παρασκευῆς,
806 2586 855 2654 ἐτι
882 2588 921 2654 δέ
946 2591 1031 2677 πρὸς
1052 2600 1124 2668 ταῖς

101 2696 328 2782 ὑπαρχούσαις
369 2704 509 2782 μακραῖς
548 2695 671 2760 ναυσίν
713 2694 826 2781 ἐτέρας
862 2695 1123 2782 ἐναυπηγήσατο.

102 2803 325 2891 προσελάβετο
354 2801 392 2867 δέ
418 2801 473 2866 καί
500 2811 568 2867 τῶν
596 2799 633 2867 ἐν
660 2811 700 2888 τῆ
729 2805 889 2891 μεσογείῳ
914 2806 1046 2890 χωρίων
1068 2805 1124 2870 καλ

57 2929 84 2971 ιι
102 2914 232 2977 πόλεων
259 2910 317 2986 τάς
344 2910 507 2985 πλείστας.
552 2908 608 2973 καί
634 2910 675 2973 τά
702 2909 764 2991 μὲν
790 2911 873 2975 κατά
900 2912 1060 2976 Σικελίαν
1087 2909 1124 2976 ἐν

102 3019 233 3095 τούτοις
255 3013 307 3102 ῆν.

175 3210 438 3280 Ῑπαρανομήσουοι
451 3209 481 3262 F.
512 3216 611 3263 τοῦτον
625 3207 655 3262 F.
697 3207 911 3263 4ἐδυνάστευοε
925 3208 955 3261 F.
997 3208 1126 3263 Smalim

105 3283 145 3344 είς
163 3278 261 3336 κοινδν
282 3281 328 3350 (cf.
348 3281 427 3337 Dem.
446 3279 511 3333 XIX
530 3284 594 3346 1563
613 3279 698 3333 Arist.
713 3280 763 3333 Av.
779 3283 850 3350 45⁷).
924 3279 960 3334 10
977 3279 1125 3350 ἐπήγγελτο

106 3352 194 3408 Cobet
212 3370 238 3407 n.
255 3352 273 3407 1.
288 3370 316 3421 p.
331 3357 392 3407 423.
466 3351 500 3406 11
519 3350 696 3420 ποιήσασθαι
713 3350 772 3406 RX.
840 3351 876 3405 12
895 3351 1084 3419 δωρήσασθαι
1095 3352 1138 3411 R

106 3440 175 3480 corr.
195 3429 219 3478 2.
235 3441 271 3477 m.
340 3423 377 3477 15
394 3418 581 3491 προσεφέρετο
600 3430 660 3486 τοῖς
677 3421 857 3492 πλήθεοιδδ.
918 3420 961 3474 Ἦ
981 3417 1162 3502 ρετρλωεῖ.

107 3511 175 3550 corr.
195 3501 220 3549 2.
235 3513 270 3549 m.
345 3495 383 3551 2⁰
405 3493 478 3566 άπερ
504 3496 647 3553 εἰώθασιν
676 3495 706 3553 οὶ
731 3495 880 3565 τύραννοι
906 3485 1015 3561 σχεδον
1046 3491 1184 3532 mmm

100 3573 192 3618 ποιεῖν
207 3565 238 3618 F.
312 3565 350 3622 24
368 3569 605 3646 προσεπελάβετο
621 3571 659 3630 F.
700 3563 903 3643 μεοοχεὶᾳῖ·
1026 3654 1045 3682 ι

1004 3661 1030 3706 ‘2
