2460 3848
451 181 493 237 01.
504 186 604 249 11'1‚3:
624 187 676 236 310
691 181 790 237 aoht.
1065 187 1128 252 183

110 336 178 391 τῶν
205 337 291 392 νεῶν
319 326 457 392 ἀπασῶν
480 325 696 412 φλεγομένων
718 329 773 394 καί
800 337 860 393 τοῦ
888 330 994 415 πυρὸς
1020 330 1129 394 πολὺν

111 431 286 518 ἐπέχοντος
303 435 407 499 τόπον
426 430 579 518 ἔκπληξις
600 443 728 518 κατεῖχε
750 437 829 512 τοὺς
846 436 1055 513 Σικελιώτας.
1092 434 1129 501 ἐν

111 538 194 625 ἀρχῇ
222 539 284 621 μὲν
310 542 375 626 γάρ
402 539 468 605 ὑπὸ
496 550 554 624 τῆς
577 537 820 624 Ἀγαθοκλέους
847 545 998 627 γοητείας
1025 563 1129 627 παρα-

56 645 329 730 411λογισθέντες
351 647 406 712 καί
429 657 487 731 τῆς
509 658 576 713 τῶν
594 645 857 732 ἐγχειρουμένων
876 646 1032 733 ὀξύτητος
1050 649 1130 715 ἀνα-

80 753 279 837 εθεώρησιν
317 753 357 818 οὐ
394 754 554 838 διδούσης
589 754 709 832 πάντες
746 757 1024 839 συγκατετίθεντο
1060 766 1130 833 τοῖς

109 859 359 943 πραττομένοις·
386 869 447 926 τοῦ
476 861 513 926 δέ
539 864 664 948 χρόνου
692 863 752 927 τὸν
775 862 851 948 περὶ
878 860 1025 927 ἑκάστων
1051 863 1130 928 ἀνα-

111 967 270 1050 λογισμὸν
299 967 520 1052 παριστάντος
549 969 597 1045 είς
625 967 838 1051 μεταμέλειαν
869 967 1046 1034 ἐνέπιπτον
1074 970 1130 1034 καί

110 1073 160 1138 τὸ-«
175 1073 317 1157 μέγεθος
343 1083 404 1139 τοῦ
432 1075 637 1159 διείργοντος
666 1074 830 1158 πελάγους
860 1074 1130 1160 ἀναλογιζόμενοι

109 1181 171 1264 την
194 1182 360 1266 σωτηρίαν
383 1180 620 1264 ἀπεγίνωσκον.
658 1180 675 1246 ὁ
700 1177 731 1244 δ’
745 1178 951 1266 Ἀγαθοκλῆς
975 1183 1129 1248 σπεύδων
1148 1201 1163 1248 ε

67 1309 92 1348 ιο
110 1284 292 1365 ἀπαλλάξαι
319 1298 376 1372 τῆς
399 1287 545 1371 ἀθυμίας
572 1289 652 1364 τοὺς
678 1289 878 1373 στρατιώτας
904 1284 964 1372 ἦγε
986 1290 1048 1373 την
1071 1289 1129 1353 δύ-

109 1417 210 1476 ναμιν
240 1392 294 1459 ἐπὶ
323 1395 384 1478 την
414 1393 660 1478 ὀνομαζομένην
688 1393 851 1478 Μεγάλην
881 1398 990 1479 πόλιν,
1023 1389 1129 1460 οὖσαν

110 1500 360 1586 Καρχηδονίων.
405 1502 425 1584 η
450 1497 480 1565 δ’
499 1500 563 1565 ἀνά
585 1501 688 1583 μέσον
710 1501 815 1586 χώρα,
839 1497 883 1567 δι’
901 1498 941 1586 ης
962 1497 1006 1585 ἦν
1029 1501 1129 1587 ἀναγ-
1148 1519 1163 1568 3

109 1616 205 1671 καῖον
234 1613 459 1693 πορευθῆναι,
492 1607 660 1691 διείληπτο
690 1609 839 1690 κηπείαις
870 1609 926 1674 καὶ
958 1610 1130 1685 παντοίαις

110 1714 340 1798 φυτουργίαις,
359 1718 493 1778 πολλῶν
510 1713 644 1779 ὑδάτων
662 1714 930 1799 διωχετευμένων
947 1716 1003 1782 καὶ
1022 1714 1130 1780 πάντα

65 1841 91 1882 τε
109 1823 213 1886 τόπον
245 1820 465 1906 ἀρδευόντων.
520 1819 687 1907 ἀγροικίαι
718 1843 754 1886 τε
786 1832 936 1906 συνεχεῖς
966 1822 1129 1909 θπηρχον,

109 1927 299 2011 οἰκοδομαῖς
328 1927 523 1993 πολυτελέσι
552 1928 608 1993 καὶ
639 1929 815 2011 κονιάμασι
848 1929 1129 2015 διαπεπονημέναι

108 2034 246 2100 καὶτὸν
273 2045 341 2100 τῶν
362 2034 571 2119 κεκτημένων
594 2034 695 2113 αὐτοῖς
722 2036 999 2127 διασημαίνουσαι
1026 2041 1128 2101 πλοῦ-

108 2164 176 2206 τον.
229 2138 348 2225 έγεμον
377 2142 410 2206 δ’
436 2144 470 2207 αί
502 2143 563 2226 μὲν
595 2141 748 2219 ἐπαύλεις
780 2141 914 2206 πάντων
946 2153 1014 2208 τῶν
1045 2144 1164 2228 πρὸς4

109 2247 306 2332 ἀπόλαυσιν,
329 2248 374 2324 ὡς
392 2247 434 2313 ἀν
451 2260 519 2314 τῶν
538 2248 707 2336 ἐγχωρίων
726 2247 763 2314 ἐν
781 2250 905 2338 είρηνη-
917 2250 1114 2336 πολυχρονί,

65 2375 91 2414 εο
109 2358 400 2440 τεθησαυρικότων
427 2357 642 2441 γεννημάτων
665 2356 851 2441 ἀφθονίαν·
879 2355 899 2439 η
929 2355 966 2420 δέ
992 2356 1127 2441 χώραη

109 2461 170 2544 μὲν
187 2458 235 2546 ’ἦν
258 2462 504 2547 ἀμπελόφυτος,
527 2463 547 2547 η
572 2463 609 2528 δέ
632 2462 829 2549 ἐλαιοφόρος
851 2462 907 2527 καὶ
929 2472 997 2527 τῶν
1018 2463 1128 2528 ἀλλων

108 2579 176 2633 τῶν
194 2571 367 2653 καρπίμων
387 2569 537 2654 δένδρων
556 2569 734 2647 ἀνάπλεως.
772 2567 826 2634 ἐπὶ
844 2569 971 2655 θάτερα
989 2569 1027 2634 δέ
1046 2568 1128 2653 μέρη

67 2728 71 2736 .
109 2676 146 2740 τὸ
174 2675 291 2740 πεδίον
319 2674 475 2758 ἐνέμοντο
503 2679 594 2759 βοῶν
623 2673 738 2760 ἀγέλαι
765 2674 820 2741 κάῖ
847 2686 985 2759 ποῖμναι
1011 2677 1066 2742 καὶ
1088 2678 1129 2741 τά

108 2784 251 2865 πλησίον
271 2781 327 2867 έλη
346 2782 528 2868 φορβάδων
548 2783 658 2848 ἵππων
677 2779 780 2866 έγεμε.
816 2787 966 2850 καθόλου
986 2783 1023 2848 δέ
1046 2805 1128 2849 παν-

179 2975 197 3030 2
222 2973 369 3046 ἐπέχοντος
393 2977 482 3030 πολὺν
505 2972 592 3030 τόπον
610 2976 640 3030 F.
684 2971 799 3045 κατέσχε
818 2976 847 3030 F.
920 2975 1009 3046 θγάρ
1028 2992 1081 3029 om.
1097 2975 1127 3029 F.

107 3048 173 3116 post
195 3044 322 3116 γοητείας
348 3047 411 3100 εδδ.
436 3047 485 3101 καὶ
511 3044 611 3109 ἀνοίας
628 3047 658 3100 F.
728 3046 747 3100 6
770 3045 887 3102 ἕκαστον
907 3048 936 3100 F.
1018 3047 1032 3100 7
1056 3064 1128 3112 παρ-

109 3127 239 3180 ιοτῶντος
251 3118 281 3172 Ε.
331 3118 364 3172 11
379 3118 496 3189 Μεγάλη
510 3116 602 3190 πόλις]
622 3117 656 3171 cf.
672 3116 788 3172 Meltzer
801 3119 814 3171 I
828 3136 855 3187 p.
867 3123 926 3172 370.
937 3123 1002 3183 4643
1016 3116 1101 3171 Νἱεεο
1115 3117 1128 3170 Ι

107 3207 135 3258 p.
150 3196 203 3244 446
218 3195 278 3243 ε.4.
340 3189 376 3243 12
394 3184 429 3258 ἦν
449 3190 502 3244 del.
517 3189 601 3244 Dind.
663 3188 699 3243 13
718 3188 874 3259 διείληπται
892 3189 922 3242 F.
984 3187 1019 3242 14
1038 3191 1128 3258 διοχε-

107 3258 268 3386 ”ῗ””έί”ῗίι
283 3261 323 3385 Fiv
386 3258 878 3386 ¹ffk¹ffflff⁷0⁰3{³‘“⁷'{⁷5⁰2”ffissss
896 3260 1128 3393 ἐλίῗῗῖίεάξ

108 3351 226 3528 ἀάάἀιινῗ
245 3352 284 3457 δέ
301 3375 331 3456 ί
348 3409 391 3471 40,
410 3409 440 3470 3;
465 3403 504 3457 XI
527 3409 569 3471 58,
580 3375 633 3458 11..
693 3403 728 3458 20
753 3402 914 3473 γενημάτων
939 3352 1076 3470 ἀφθόνως
1094 3402 1127 3455 X.

109 3473 145 3528 22
169 3473 204 3528 ἐπ
241 3471 365 3542 θατέρου
391 3475 421 3529 δέ
447 3472 548 3544 μέρους
569 3484 619 3530 τοῦ
642 3472 743 3529 πεδίου
760 3473 792 3526 K
812 3473 862 3527 ἐτδ.
882 3473 1001 3534 θάτερα
1020 3472 1058 3519 οἱ
1074 3467 1157 3528 &Q

109 3542 219 3599 πεδίον·
238 3545 338 3616 ἐνεμον
356 3549 436 3619 (corr.
457 3550 548 3622 2111.)
568 3546 594 3606 δ’
616 3545 659 3605 ἐπ’
683 3546 814 3621 οιάιτῖμδέ,
