2460 3848
434 204 476 260 01.
488 210 548 272 118,
559 210 588 259 1:
608 209 660 258 ιοε
674 220 700 259 a.
711 203 773 259 Chr.
1048 207 1112 272 231

94 363 152 437 τῆς
182 352 299 438 ἀρχῆς,
328 349 388 416 ἐάν
416 351 515 440 κρίνχ
544 351 704 433 μειζόνων
732 348 920 435 ὀρέγεσθαι.
965 351 1027 434 τήν
1054 349 1151 431 μὲνι

94 461 158 545 γάρ
181 459 315 542 Λιβύην
338 456 571 541 διεζευγμένην
593 456 724 544 μεγάλῳ
748 456 804 521 καί
827 460 957 543 χαλεπήν
981 456 1117 540 πελάγει

94 568 251 651 μηδαμῶς
278 564 432 650 ἁρμόζειν
455 563 561 652 αὐτῷ,
588 565 636 642 είς
661 564 705 647 ήν
728 563 783 628 καί
806 572 872 629 νῦν
894 563 935 629 οὐ
958 564 1030 629 κατ’
1046 561 1117 628 ἐπι·

93 675 234 757 θυμίαν,
267 671 350 738 ἀλλὰ
381 671 453 736 κατ’
474 669 624 755 ἀνάγκην
647 670 799 757 ἀφῖχθαι.
850 669 868 736 ὁ
896 670 935 736 δέ
958 666 1151 755 Ὀφέλλαςσ

63 788 133 865 στῇ
157 780 258 845 πάλαι
280 776 528 868 βεβουλευμένῃ
550 779 657 862 κρίσει
680 780 923 863 προστεθείσης
944 788 1002 863 τής
1022 801 1117 862 γενο-

94 886 195 970 μένης
217 885 352 963 ἐλπίδος
379 884 529 968 ἀσμένως
551 883 721 968 ὑπήκουσε
748 886 804 950 καί
830 886 914 971 πρὸς
936 885 998 968 μέν
1019 888 1117 970 Ἀθη-

94 994 212 1071 ναίους
238 993 315 1079 περὶ
338 993 523 1077 συμμαχίας
546 989 757 1076 διεπέμπετο,
784 993 977 1076 γεγαμηκὼς
998 993 1117 1058 Εὐθυ·

95 1100 193 1184 δίκην
215 1101 277 1184 τήν
300 1098 490 1164 Μιλτιάδου
516 1097 689 1184 θυγατέρα
715 1105 775 1163 τοῦ
803 1100 865 1183 τήν
888 1101 1117 1186 προσηγορίαν

95 1206 258 1293 φέροντος
287 1207 335 1283 εἰς
365 1207 426 1272 τὸν
455 1208 727 1291 στρατηγήσαντα
758 1216 826 1270 τῶν
856 1204 894 1271 ἐν
923 1212 1117 1291 Μαραθῶνι

43 1289 314 1400 χᾞὸνικησάντων.
361 1314 418 1378 διὰ
447 1313 488 1397 δή
519 1312 644 1395 ταύτην
672 1313 734 1396 τήν
764 1310 942 1396 ἐπιγαμίαν
971 1314 1026 1379 καί
1055 1314 1152 1398 τήνω

95 1421 200 1505 ἀλλην
221 1421 383 1504 σπουδήν,
407 1421 492 1508 (ἣν)
516 1418 665 1504 ὑπῆρχεν
686 1417 963 1503 ἀποδεδενγμένος
986 1421 1034 1496 είς
1056 1421 1118 1504 τήν

94 1529 204 1612 πόλιν,
231 1527 287 1593 καί
314 1526 433 1592 πολλοὶ
461 1536 528 1591 τῶν
547 1522 737 1609 Ἀθηναίων
759 1528 944 1612 προθύμως
970 1526 1117 1610 ὑπήκου-

95 1650 159 1699 σαν
182 1636 230 1725 είς
251 1635 314 1718 τήν
337 1634 520 1718 στρατείαν.
562 1633 623 1698 οὐκ
647 1631 755 1716 ὀλίγοι
778 1633 815 1699 δέ
838 1634 893 1699 καί
916 1644 984 1699 τῶν
1007 1634 1118 1699 άλλων

90 1738 261 1825 Ἑλλήνων
283 1738 448 1805 ἔσπευδον
471 1748 673 1824 κοινωνήσαι
695 1750 753 1825 τῆς
776 1739 946 1826 ἐπιβολῆς,
969 1739 1117 1820 ἐλπίζον-

50 1867 76 1908 ιι
94 1870 148 1925 τες
179 1852 240 1933 τήν
270 1871 305 1913 τε
337 1849 516 1931 κρατίστην
545 1855 604 1932 τής
633 1847 762 1932 Λιβύης
794 1851 1117 1934 κατακληρουχήσειν

94 1956 150 2020 καί
179 1957 239 2022 τὸν
269 1952 307 2020 ἐν
335 1955 528 2039 Καρχηδόνι
558 1953 755 2040 διαρπάσειν
784 1960 939 2020 πλοῦτον.
985 1958 1026 2020 τά
1056 1955 1152 2037 μέντ

95 2061 159 2145 γὰρ
181 2061 264 2125 κατὰ
286 2063 349 2146 τήν
367 2058 510 2127 Ἑλλάδα
533 2061 589 2126 διὰ
611 2064 690 2139 τοὺς
711 2070 861 2147 συνεχεῖς
879 2061 1044 2144 πολέμους
1061 2063 1117 2128 καί

94 2167 153 2243 τάς
179 2178 247 2233 τῶν
270 2168 446 2234 δυναστῶν
468 2170 552 2253 πρὸς
579 2168 743 2253 ἀλλήλους
772 2169 961 2253 φιλοτιμίας
988 2168 1116 2251 ἀσθενή

95 2273 151 2338 καί
173 2276 312 2339 ταπεινὰ
334 2278 557 2360 καθειστήκει·
582 2271 667 2341 ὥσθ’
684 2275 922 2358 ὑπελάμβανον
944 2276 988 2360 μή
1011 2276 1117 2357 μόνον

51 2400 77 2441 εο
95 2378 263 2466 ἐγκρατεῖς
281 2377 420 2447 ἔσεσθαι
437 2386 572 2448 πολλῶν
590 2382 741 2466 ἀγαθῶν,
764 2381 848 2447 ἀλλὰ
870 2382 926 2447 καί
949 2392 1016 2447 τῶν
1034 2403 1117 2467 παρ-

95 2488 204 2552 όντων
226 2499 338 2554 κακῶν
361 2487 663 2573 ἀπαλλαγήσεσθαι.

162 2591 198 2658 Ὁ
225 2592 255 2658 δ’
277 2588 341 2660 οὖν
364 2592 537 2680 Ὀφέλλας,
567 2593 680 2680 ἐπειδή
709 2594 807 2661 πάντ’
828 2595 917 2685 αὐτῷ
945 2598 1029 2681 πρὸς
1055 2597 1168 2681 τήν41

95 2701 270 2783 στρατείαν
292 2701 532 2768 κατεσκεύαστο
560 2706 731 2787 λαμπρῶς,
759 2699 925 2787 ἐξώρμησε
952 2706 1033 2786 μετά
1059 2715 1118 2788 τής

96 2806 282 2891 δυνάμεως,
310 2804 396 2893 ἔχων
418 2811 536 2888 πεζοὺς
558 2807 620 2890 μὲν
643 2809 779 2885 πλείους
805 2820 873 2875 τῶν
895 2812 1036 2895 μυρίων,
1067 2812 1117 2875 ῑπ·

50 2935 76 2975 ει
95 2924 167 2991 πείς
197 2914 234 2980 δέ
264 2912 470 2999 ἑξακοσίους,
502 2915 631 3001 άρματα
661 2914 699 2980 δέ
730 2913 859 2999 ἑκατόν,
890 2917 1048 3002 ήνιόχους
1080 2917 1117 2983 δέ

94 3021 150 3086 καί
177 3021 369 3107 παραβάτας
395 3024 532 3099 πλείους
558 3032 625 3088 τῶν
648 3024 856 3110 τριακοσίων.
901 3023 1117 3106 ήκολούθουν

166 3214 271 3269 hav&
285 3213 412 3284 ἀνάγκην
423 3215 455 3268 R.
483 3212 690 3283 άφίκταιΕΧί.
698 3233 720 3268 r.
768 3214 1009 3283 7ΕόδνθόκηνΧς
1024 3217 1117 3284 Εόρυ·

96 3283 161 3354 δίκη
177 3286 251 3341 Plut.
262 3286 340 3341 Dem.
352 3292 394 3341 14.
405 3291 448 3341 46.
459 3291 501 3342 53.
552 3285 570 3340 9
607 3285 685 3412 mg
691 3283 827 3355 φέροντος
840 3285 944 3341 Reiske
958 3289 988 3341 εί
1000 3287 1093 3343 Madv.
1104 3287 1117 3342 Ι

95 3373 123 3425 p.
138 3362 190 3410 514
209 3374 265 3411 non
283 3357 366 3412 male.
426 3357 460 3412 ll
480 3355 558 3431 (ἢν)
614 3357 641 3414 d.
682 3358 740 3412 ind.
778 3355 1012 3428 ἀποδεδειγμένος
1030 3359 1116 3426 (quod

96 3428 167 3481 coni.
186 3428 241 3483 inv.
261 3428 357 3495 Dind.)
383 3426 433 3481 RX
461 3426 683 3500 ἀποδεδεγμένος
705 3430 737 3483 1⁴¹.
815 3429 857 3483 12
878 3429 934 3480 καὶ
960 3427 1140 3508 §QJSQQ-

96 3497 131 3551 13
150 3497 367 3566 στρατοπεδείαν
385 3500 415 3556 F.
484 3500 522 3558 22
540 3500 639 3558 πάντα
658 3501 739 3557 αάιτῶ
754 3496 832 3568 προς
846 3497 903 3564 ’ὂψ
924 3506 1067 3556 §ww
1087 3499 1163 3532 ‘m'

89 3567 259 3625 εσκενάσατο
276 3571 309 3627 F.
385 3573 422 3631 25
443 3571 640 3642 ἑπτακοσίους
655 3575 697 3632 Y.
725 3557 731 3576 ⁰
770 3571 816 3625 Ἃ
834 3548 1094 3632 mquspwg‘k
