2460 3848
145 164 210 228 276
498 159 809 215 ΜαδυαΧΧτο-τε.

110 309 224 383 ετοδς
246 307 342 383 υἰοὺς
365 304 527 383 ἀπολέσας
549 303 693 387 ἀπέβαλε
715 305 753 368 τὸ
777 305 1011 390 στρατόπεδον.
1047 305 1103 370 καί
1126 308 1166 397 τὸ

145 412 280 478 πάντων
313 413 496 496 ἰδιώτατον,
528 411 546 477 ὁ
578 413 659 489 θεὸς
686 412 796 497 ὥσπερ
824 411 953 496 ἀγαθὸς
979 411 1167 497 νομοθέτης

146 520 268 603 διπλῆν
291 516 388 602 ἔλαβε
411 521 489 603 παρ’
506 518 610 584 αὐτοῦ
633 519 696 602 τῆν
717 520 869 584 κόλασιν·
893 517 952 584 ἕνα
974 520 1038 604 γάρ
1062 521 1167 604 φίλον

147 626 267 703 ἀδίκως
309 626 476 711 φονεύσας
516 626 612 690 δυεῖν
650 626 734 690 οἰῶν
770 623 950 710 έστερῆθη,
990 636 1058 691 τῶν
1093 626 1163 708 μετ’

142 730 283 816 Ὀφέλλα
316 731 595 816 παραγενομένων
631 732 925 816 προσενεγκάντων
960 734 1019 809 τάς
1053 742 1167 817 χεῖρας
1201 755 1213 794 ε

146 849 215 917 τοῖς
245 841 438 916 νεανίσκοις.
489 846 592 903 ταῦτα
621 839 683 920 μέν
710 833 773 904 οὖν
799 839 879 923 ἡμῖν
907 840 1054 923 εἰρῆσθω
1081 840 1168 924 πρὸς

146 948 224 1023 τοὺς
246 955 540 1028 καταφρονοῦντας
562 946 821 1011 τῶντοιούτων.

95 1052 134 1116 11
214 1049 248 1115 Ὁ
271 1049 302 1116 δ’
316 1048 521 1137 Ἀγαθοκλῆς
543 1049 656 1135 έπειδῆ
680 1053 877 1136 διεκομίσθη
905 1051 1027 1136 ταχέως
1049 1051 1085 1118 ἐκ
1108 1061 1167 1136 τῆς

147 1158 275 1242 Λιβύης
303 1160 350 1236 εἰς
376 1160 438 1243 τῆν
465 1160 635 1243 Σικελίαν,
664 1158 956 1241 μεταπεμψάμενος
983 1157 1081 1243 μέρος
1108 1167 1168 1242 τῆς

148 1257 318 1347 δυνάμεως
349 1270 524 1349 παρῆλθεν
555 1267 602 1342 εἰς
634 1267 695 1350 τῆν
727 1276 794 1331 τῶν
825 1267 1035 1349 Αἰγεσταίων
1066 1268 1167 1331 πόλιν
1188 1289 1214 1327 ιο

148 1365 253 1437 οὖσαν
276 1372 456 1456 σύμμαχον.
494 1371 721 1458 ἀπορούμενος
744 1372 782 1438 δέ
804 1373 979 1458 χρημάτων
998 1370 1167 1456 εἰσφέρειν

146 1478 306 1562 ῆνάγκαζε
324 1481 403 1556 τοὺς
421 1480 585 1564 εὐπόρους
602 1480 640 1545 τὸ
660 1484 777 1544 πλεῖον
794 1479 893 1566 μέρος
910 1490 968 1564 τῆς
985 1476 1167 1563 ὑπάρξεως,

112 1585 250 1668 εούσης
280 1591 339 1668 τῆς
370 1587 496 1663 πόλεως
526 1588 600 1652 τότε
629 1586 846 1671 μυριάνδρου.
897 1591 1031 1652 πολλῶν
1058 1582 1089 1650 δ’
1112 1584 1167 1651 ἐπί

147 1692 277 1768 τούτοις
295 1691 572 1775 ἀγανακτούντων
589 1693 645 1758 καί
668 1696 919 1779 συντρεχόντων
937 1692 1168 1774 αἰτιασάμενος

149 1800 226 1875 τοὺς
243 1799 463 1881 Αἰγεσταίους
483 1797 714 1882 ἐπιβουλεύειν
733 1800 821 1886 αὐτῷ
845 1801 971 1877 δειναῖς
993 1797 1166 1889 περιέβαλε
1188 1820 1215 1860 ω

149 1914 336 1990 συμφοραῖς
354 1907 415 1990 τὴν
434 1908 544 1972 πόλιν·
568 1909 646 1984 τοὺς
664 1907 725 1989 μὲν
745 1908 808 1992 γάρ
832 1907 1064 1990 ἀπορωτάτους
1085 1926 1167 1990 προ-

149 2012 283 2095 αγαγὼν
301 2009 393 2088 ἐκτὸς
415 2019 473 2096 τῆς
496 2014 622 2089 πόλεως
640 2014 730 2098 παρὰ
748 2014 808 2078 τὸν
826 2013 1050 2099 Σκάμανδρον
1067 2034 1168 2078 ποτα-

148 2119 212 2200 μὸν
237 2116 436 2201 ἀπέσφαξεν,
463 2120 542 2195 τοὺς
569 2119 607 2184 δέ
634 2120 816 2197 δοκοῦντας
844 2119 964 2186 οὐσίαν
986 2124 1169 2205 κεκτῆσθαι

149 2227 281 2306 μείζονα
312 2227 499 2307 βασανίζων
529 2225 690 2309 ἠνάγκαζε
723 2227 832 2311 λέγειν
864 2227 970 2293 ὁπόσα
1002 2225 1086 2312 έχων
1117 2251 1169 2305 τις

149 2332 304 2416 τυγχάνει
326 2334 473 2416 χρήματα
495 2332 551 2396 καί
578 2335 656 2410 τοὺς
683 2333 743 2414 μὲν
767 2334 878 2399 αὐτῶν
900 2332 1057 2418 ἐτρόχιζε,
1084 2337 1165 2411 τοὺς
1171 2329 1224 2439 4ἓέ

29 2479 33 2487 -
150 2439 188 2503 δὲ
203 2441 250 2515 εἰς
270 2441 349 2513 τοὺς
366 2437 568 2514 καταπέλτας
590 2436 800 2522 ἐνδεσμεύων
820 2439 1043 2524 κατετόξευεν,
1066 2439 1189 2518 ἐνίοις

151 2541 181 2608 δ’
197 2543 424 2627 ἀστραγάλους
446 2547 639 2627 προστιθεὶς
657 2549 845 2630 βιαιότερον
863 2548 988 2624 δειναῖς
1007 2547 1170 2632 ἀλγηδόσι

115 2649 374 2735 επεριέβαλλεν.
424 2648 536 2733 ἐξεῦρε
563 2652 601 2716 δέ
627 2654 683 2719 καί
710 2652 826 2740 ἑτέραν
853 2656 1013 2738 τιμωρίαν
1041 2653 1170 2739 ἐμφερῆ

152 2769 195 2843 τῆν
219 2757 405 2840 Φαλάριδος
427 2758 551 2846 ταύρςο·
574 2761 792 2826 κατεσκεύασε
815 2762 878 2845 γάρ
901 2763 1020 2845 κλίνην
1042 2767 1171 2846 χαλκῆν

151 2865 369 2947 ἀνθρωπίνου
393 2865 542 2948 σώματος
564 2867 671 2932 τύπον
694 2864 837 2951 έχονσαν
858 2868 914 2933 καί
934 2867 1012 2933 καθ’
1030 2867 1171 2933 ἕκαστον
1191 2889 1219 2931 ει

223 3090 368 3155 4ἀδίκως
392 3111 445 3147 οω.
467 3095 497 3160 F,
522 3095 586 3148 add.
606 3100 682 3149 zm.
738 3098 819 3150 δυοῖν
841 3096 870 3151 F.
950 3096 1040 3158 ὅτδις
1062 3105 1159 3166 χεῖρας

152 3172 232 3233 χεῖρα
245 3164 275 3217 F.
329 3164 406 3228 9εἰς
419 3163 552 3220 Σικελίαν
566 3166 596 3220 F.
651 3166 693 3221 10.
709 3167 744 3220 15
758 3165 930 3237 Αἰγεσταίων
944 3166 1110 3238 (Αἰγεστέων
1124 3168 1157 3236 δ)

152 3237 194 3289 ita
208 3252 271 3288 oum
286 3235 348 3301 alii,
363 3238 424 3290 {mm
438 3236 519 3291 Diod.
532 3253 642 3306 semper
653 3237 1171 3307 (cf.XI86‚2;XH82,3;XIH6‚1;

151 3305 215 3360 XIV
230 3313 273 3374 54,
288 3313 317 3374 23
337 3307 420 3362 aliter
433 3307 458 3360 V
473 3313 498 3374 9,
513 3310 552 3376 2);
567 3307 736 3377 Ἐγεσταίων
750 3310 839 3364 Wess.
899 3310 934 3365 15
947 3309 1118 3379 Αἰγυπτίους
1135 3310 1171 3366 X.

153 3377 188 3430 16
219 3376 413 3446 ἀπορωτέρους
446 3378 476 3433 δ.
566 3380 600 3433 17
638 3381 673 3435 cf.
706 3381 797 3436 Strab.
834 3381 898 3434 XIII
930 3387 954 3447 1,
978 3386 1011 3435 53
1049 3382 1171 3451 (ἀλόω).

152 3449 268 3504 21-23
291 3447 373 3504 ἐνίων
392 3448 419 3504 δ’
437 3450 627 3519 ἀστραγάλους
647 3449 757 3521 έπέτεμε
776 3453 825 3506 καί
843 3450 1062 3520 προστιθέμενος
1079 3453 1173 3524 βιαιό-

153 3540 233 3589 τερον
253 3518 422 3589 δεινοτέραις
440 3518 574 3592 ἀλγηδόσι
591 3520 754 3594 περιέβαλεν
772 3527 852 3593 (οοεε.
873 3530 896 3578 2.
911 3528 959 3593 m.)
978 3524 1008 3577 F.
