2460 3848
134 179 199 245 322
482 174 803 231 Diodor.XX103.104.

77 346 82 351 ·
133 321 284 388 ἐκέλευσε
320 333 366 409 τῷ
407 331 464 406 της
505 331 656 408 φρουράς
697 320 920 409 ἀφηγουμένῳ
957 325 1155 410 Στρομβίχῳ

133 429 342 512 παραδοῦναι
367 430 430 512 την
457 429 563 495 πόλιν.
606 429 646 494 οὐ
670 428 891 515 προσέχοντος
914 425 945 493 δ’
959 429 1063 494 αὐτοῦ
1086 440 1156 507 τοῖς

134 537 259 619 λόγοις,
284 532 368 601 ἀλλά
390 536 445 601 καὶ
468 537 575 601 πολλά
598 535 833 620 λοιδοροῦντος
857 537 922 601 ἀπὸ
946 545 1005 600 τοῦ
1026 538 1156 621 τείχους

133 646 337 728 βλασφήμως
360 643 582 729 προσαγαγὼν
600 644 748 726 μηχανὰς
771 640 789 706 ὁ
808 645 964 724 βασιλεὺς
984 643 1040 708 καί
1058 666 1156 709 κατα-

99 751 247 831 οβαλδιν
270 750 310 814 τά
333 751 422 833 τείχη
445 751 529 815 κατά
551 749 670 834 κρότος
693 740 759 814 εἷλε
782 751 844 832 την
866 745 975 814 πόλιν.
1016 749 1156 831 τὸνμὲν
1189 773 1201 813 ε

135 851 197 921 οὖν
216 852 428 941 Στρόμβιχον
446 857 507 921 τὸν
524 855 590 920 ὑπὸ
609 855 888 942 Πολυπέρχοντος
905 856 1157 938 καθεσταμένον

135 963 352 1046 φρούραρχον
374 963 429 1028 καλ
456 973 524 1028 τῶν
547 963 658 1027 ἀλλων
680 973 748 1027 τῶν
776 964 957 1047 ἀλλοτρίως
984 962 1156 1029 διατεθέν-

134 1091 201 1133 των
238 1071 321 1154 πρὸς
362 1069 465 1134 αὐτὸν
502 1071 549 1146 είς
590 1069 795 1153 ὀγδοήκοντα
834 1071 898 1155 πρὸ
935 1080 993 1154 τῆς
1029 1066 1157 1147 πόλεως

135 1171 381 1261 ἀνεσταύρωσε,
417 1186 485 1241 τῶν
522 1173 552 1240 δ’
582 1177 694 1241 ἀλλων
729 1176 951 1261 μισθοφόρων
987 1174 1072 1242 έλδιν
1109 1179 1157 1254 είς

100 1283 318 1367 ιδισχιλίους
344 1281 493 1364 κατέμιξε
520 1293 589 1360 τοῖς
619 1283 716 1360 ἰδίοις
744 1282 966 1368 στρατιώταις.
1011 1283 1091 1364 μετδι
1119 1283 1157 1349 δὲ
1176 1307 1203 1346 ιο

134 1391 196 1473 την
212 1390 337 1455 ἀλωσιν
355 1390 476 1474 ταύτης
494 1400 552 1474 της
570 1385 697 1466 πόλεως
716 1391 748 1454 οί
767 1390 932 1473 σύνεγγυς
949 1390 990 1454 τά
1009 1391 1157 1475 φρούρια

134 1495 340 1580 κατέχοντες,
381 1496 674 1589 ὑιχολαμβάνοντες
715 1496 884 1562 ἀδύνατον
920 1495 1081 1582 ύπάρχιιν
1117 1499 1156 1562 τὸ

135 1604 314 1686 διαφυγεῖν
343 1604 405 1687 την
434 1605 513 1686 βίαν
543 1611 603 1667 τοῦ
633 1602 808 1685 βασιλέως,
840 1602 1037 1689 παρέδωκαν
1067 1603 1155 1691 αὐτῷ

134 1711 175 1774 τά
196 1712 309 1795 χωρία.
347 1708 468 1791 ὁμοίως
490 1709 528 1774 δέ
550 1710 681 1786 τούτοις
703 1710 759 1774 καί
782 1711 815 1775 οἱ
837 1712 895 1786 τάς
917 1711 1029 1786 πόλεις
1050 1734 1156 1795 φρου-

136 1824 283 1901 ροῦντες,
305 1827 373 1881 τῶν
395 1816 456 1899 μὲν
480 1817 556 1900 περὶ
580 1816 784 1901 Κάσανδρον
806 1816 861 1881 καί
880 1816 1077 1902 Πρεπέλαον
1099 1818 1156 1882 καί
1177 1840 1203 1880 15

135 1923 398 2008 Πολυπέρχοντα
435 1925 478 2008 μη
516 1923 748 2007 βοηθούντων,
789 1932 849 1988 τοῦ
887 1923 924 1988 δὲ
960 1925 1156 2008 Δημητρίου

134 2032 215 2112 μετὰ
250 2031 393 2115 μεγάλης
430 2030 601 2112 δυνάμεως
637 2030 693 2094 καὶ
724 2041 881 2114 μηχανῶν
914 2029 1157 2116 ὑπεραγουσῶν

135 2137 347 2221 προσιόντος,
384 2136 543 2213 ἑκουσίως
579 2134 770 2223 ἐξεχώρουν.
825 2138 880 2202 καί
916 2139 956 2203 τά
987 2137 1049 2220 μέν
1080 2138 1157 2225 περὶ

135 2248 329 2330 Δημήτριον
352 2243 390 2310 ἐν
412 2244 543 2320 τούτοις
565 2239 616 2326 ἦν.

57 2351 122 2416 104
207 2353 302 2417 Κατὰ
325 2351 363 2416 δὲ
385 2353 447 2435 την
466 2350 608 2416 Ἰταλίαν
636 2356 835 2436 Ταραντῖνοι
858 2351 1002 2432 πόλεμον
1026 2347 1158 2435 ἔχοντες
1177 2375 1204 2414 ιο

135 2459 219 2542 πρὸς
241 2461 438 2534 Λευκανοὺς
464 2456 520 2522 καί
539 2455 717 2540 Ῥωμαίους
744 2454 929 2538 ἐξέπεμψαν
952 2460 1158 2543 πρεσβευτάς

136 2566 183 2642 είς
206 2566 268 2648 την
291 2563 462 2650 Σπάρτην,
490 2564 680 2646 αίιούμενοι
707 2567 871 2648 βοήθειαν
893 2565 948 2629 καὶ
972 2567 1157 2649 στρατηγὸν

100 2690 115 2735 κ
135 2671 350 2752 Κλεώνυμον.
384 2681 452 2736 τῶν
469 2671 507 2736 δὲ
518 2672 793 2752 Δακεδαιμονίων
810 2671 993 2752 προθύμως
1010 2669 1157 2755 ἡγεμόνα

136 2779 264 2844 δόντων
287 2779 347 2843 τὸν
371 2778 569 2862 αἰτούμενον
591 2779 647 2843 καὶ
673 2788 741 2843 τῶν
769 2779 983 2862 Ταραντίνων
1010 2782 1158 2864 χρηματα

135 2934 316 3004 περιεκάθιοε
340 2932 371 2991 τδ
394 2945 485 3005 τεῖχος
507 2937 556 2990 καὶ
579 2933 678 3005 λόγους
696 2933 784 2990 ἐποίει
802 2931 874 3003 πρὸς
890 2932 940 2991 τδν
959 2936 1158 3007 ἀφηγούμενον

135 3016 184 3077 της
210 3015 337 3076 φρουρᾶς
360 3004 544 3077 Στρόμβιχον,
566 3009 747 3074 παραδοῦναι
771 3005 822 3076 τὴν
847 3003 929 3061 πόλιν
953 3007 1039 3073 ἀξιῶν
1062 3007 1097 3074 F3
1122 3008 1157 3062 cf.

135 3079 263 3147 Droysen
285 3079 346 3132 112
369 3096 396 3146 p.
413 3083 477 3145 1873
502 3078 588 3133 Niese
610 3078 624 3132 I
646 3097 673 3147 p.
693 3083 745 3132 939
761 3093 786 3132 ιι.
801 3083 831 3145 9;
856 3080 975 3147 uterque
1000 3095 1057 3133 non
1081 3081 1159 3132 recte

136 3151 252 3204 iudicat.
326 3149 343 3203 2
368 3157 427 3212 τοῖς
450 3157 500 3204 τοῦ
526 3147 659 3220 βασιλέως
684 3146 776 3219 λόγοις
800 3150 830 3202 F.
909 3150 927 3204 4
951 3149 1101 3221 βλάσφημα
1126 3149 1158 3204 F,

135 3221 154 3275 6
177 3218 227 3276 τὸν
254 3239 307 3276 om.
328 3219 386 3276 RX.
466 3221 480 3274 7
507 3221 555 3274 καλ
579 3222 645 3283 τοὺς
670 3219 770 3283 ἀλλους
791 3229 847 3275 τῶν
871 3221 897 3275 ἀ.
917 3218 1102 3276 διατιθέντων
1126 3220 1158 3277 F.

136 3289 243 3359 8πρὸς
261 3289 347 3348 αότδν
366 3309 420 3347 om.
436 3290 494 3346 RX.
563 3292 597 3345 11
616 3300 665 3362 τῆς
683 3289 788 3354 πόλεως
805 3293 908 3360 ταύτης
925 3293 955 3346 F.
993 3291 1020 3345 οἱ
1038 3289 1073 3343 τὰ
1092 3291 1160 3346 σύν·

137 3383 218 3434 εγγυς
239 3365 362 3432 φρούρια
384 3360 548 3432 κατέχοντες
565 3363 654 3418 WesS.
728 3363 763 3417 15
786 3364 850 3432 περὶ
868 3367 906 3418 Π.
927 3363 976 3417 καὶ
994 3360 1159 3430 Πολυσπέρ-

136 3454 223 3505 χοντα
248 3436 297 3489 καί
322 3433 486 3504 Πρεπέλαον
511 3434 542 3487 F.
619 3435 653 3489 17
677 3436 870 3504 όπερεχουσῶν
894 3435 924 3488 F.
996 3432 1097 3501 2osqq.
1123 3436 1159 3491 cf.

134 3506 263 3575 Droysen
288 3506 349 3560 112
375 3525 402 3574 p.
423 3511 473 3560 189
493 3521 518 3560 ο.
535 3512 562 3573 13
591 3506 676 3560 Νίσου
701 3505 714 3558 Ι
739 3524 766 3574 p.
788 3512 900 3574 479sq.;
928 3505 1037 3574 Burger
1059 3505 1159 3562 VAW.

121 3577 270 3632 Αωιαίετά.
286 3596 312 3633 n.
328 3597 351 3635 r.
367 3577 396 3632 H
413 3579 504 3648 (1899)
523 3595 551 3648 p.
567 3581 681 3647 ὄλπας
700 3577 805 3631 Beloch
823 3577 891 3631 1111
910 3594 938 3646 p.
954 3581 1014 3632 209.
1073 3576 1109 3631 28
1128 3579 1160 3633 in

107 3661 205 3718 marg.
228 3651 342 3708 codicis
362 3652 388 3709 R
408 3657 436 3708 3.
451 3669 487 3708 m.
510 3651 604 3709 τούτου.
623 3649 764 3723 quaedam
781 3648 816 3703 δε
832 3647 991 3716 (sseonymo.
