2460 3848
109 202 152 268 20
468 199 582 254 Diodor.
591 197 656 252 XIX
670 203 711 255 10.
723 203 764 253 11.

57 346 115 421 10,
180 347 275 412 Κατά
304 345 342 410 δὲ
369 345 431 428 τήν
454 340 598 410 Ἰταλίαν
621 341 771 425 Ῥωμαῖοι
798 343 860 425 μὲν
887 339 1028 410 ἐννατον
1055 339 1132 421 ἔτος

107 454 171 537 ήδη
202 451 421 534 διεπολέμουν
450 452 534 538 πρὸς
563 453 732 528 Σαυνίτας
761 450 817 515 καλ
846 451 929 515 κατά
957 450 1020 533 μὲν
1048 453 1132 528 τοὺς

108 557 300 645 ἔμπροσθεν
328 560 471 643 χρόνους
497 557 653 641 μεγάλαις
680 556 863 640 δυνάμεσιν
891 554 978 641 ἦσαν
1007 557 1131 642 διηγω-

108 666 273 749 νισμένοι,
302 667 376 731 τότε
406 665 443 731 δὲ
473 666 520 742 είς
549 666 610 749 τήν
639 666 800 747 πολεμίαν
830 665 984 746 εἰσβολὰς
1012 665 1132 730 ποιού-

108 796 202 855 μενοι
224 771 307 857 μέγα
329 773 391 855 μὲν
412 772 513 839 οὐδὲν
534 771 613 837 οὐδὲ
635 775 764 856 μνήμης
787 769 881 848 άξιον
899 768 1131 857 διεπράξαντο,
1164 793 1177 833 ι

108 879 278 946 διετέλουν
301 880 339 946 δὲ
365 889 435 957 τοῖς
462 901 497 971 τε
525 879 702 965 φρουρίοις
724 878 913 964 προσβολάς
933 877 1131 960 ποιούμενοι

108 987 163 1052 καί
189 987 251 1071 τήν
277 987 389 1074 χώραν
417 991 660 1070 λεηλατοῦντες.
706 981 900 1069 ἐπόρθησαν
928 985 966 1050 δέ
993 984 1132 1069 καὶτῆς

104 1090 280 1171 Ἀπουλίας
315 1096 377 1179 τήν
410 1094 566 1158 Δαυνίαν
602 1100 713 1157 πᾶσαν
748 1092 804 1157 καί
840 1092 1132 1178 προσαγαγόμενοι

108 1203 301 1277 Κανυσίους
328 1200 473 1287 ὁμήρους
500 1197 576 1283 παρ’
598 1199 710 1264 αὐτῶν
737 1194 866 1280 ἔλαβον.
912 1197 1132 1283 προσέθηκαν

108 1306 145 1372 δὲ
172 1308 227 1373 καί
255 1307 317 1373 δύο
347 1308 455 1392 φυλάς
479 1315 551 1382 ταῖς
573 1306 881 1392 προυπαρχούσαις,
910 1309 973 1390 τήν
999 1328 1034 1370 τε
1061 1308 1131 1371 Φα-
1151 1328 1176 1368 ω

73 1412 230 1501 ελέρναν
256 1414 312 1479 καλ
339 1415 401 1498 τήν
419 1412 627 1497 Ὠφεντῖναν.
673 1411 739 1494 ἅμα
766 1412 804 1478 δὲ
829 1413 960 1490 τούτοις
987 1433 1131 1498 πραττο-

107 1519 219 1602 με’νοις
248 1525 478 1607 Κροτωνιᾶται
507 1520 591 1606 πρὸς
619 1519 681 1602 μὲν
711 1521 890 1603 Βρεττίους
919 1518 1130 1602 διελύσαντο,

108 1629 191 1713 πρὸς
213 1627 251 1692 δὲ
273 1630 352 1705 τοὺς
375 1625 621 1701 ἐκπεπτωκότας
643 1636 710 1691 τῶν
733 1631 879 1691 πολιτῶν
899 1625 965 1690 ὑπὸ
988 1634 1046 1709 τής
1065 1626 1182 1710 δη-εκσ

107 1736 285 1819 μοκρατίας
308 1734 364 1798 διά
386 1735 448 1818 τήν
470 1734 554 1819 πρὸς
576 1729 797 1817 Ἡρακλείδην
815 1733 870 1798 καὶ
888 1734 1130 1819 Σωσίστρατον

107 1841 298 1924 κοινωνίαν,
329 1840 405 1927 περὶ
436 1836 475 1924 ής
507 1837 545 1905 ἐν
576 1849 616 1925 τή
648 1838 793 1926 προτέρα
824 1839 938 1926 βύβλφ
970 1840 1011 1904 τά
1043 1841 1130 1905 κατά
1152 1862 1176 1902 ιι

57 1976 61 1984 ·
107 1946 206 2030 μέρος
228 1947 422 2031 διήλθομεν,
449 1946 607 2031 δεύτερον
630 1942 702 2023 ἐτος
723 1947 787 2031 ήδη
810 1943 1032 2029 πολεμοῦντες
1055 1947 1130 2011 Πά-

109 2077 199 2137 ρωνα
228 2054 283 2119 καὶ
309 2054 522 2137 Μενέδημον,
552 2053 677 2134 ἄνδρας
705 2050 893 2137 ἐπιφανείς,
923 2055 1131 2138 στρατηγοὺς

72 2179 89 2226 4
108 2159 368 2246 ἐχειροτόνησαν.
406 2162 438 2226 ολ
457 2161 495 2226 δὲ
513 2159 662 2244 φυγάδες
684 2157 721 2224 ἐκ
745 2162 900 2245 Θουρίων
922 2160 1129 2247 ὁρμήσαντες

108 2269 162 2332 καί
189 2271 435 2355 προσλαβόντες
461 2269 694 2354 μισθοφόρους
720 2268 931 2350 τριακοσίους
960 2265 1147 2354 ἐπεγείρη-Ι

109 2391 172 2438 σαν
194 2374 255 2457 μὲν
278 2375 398 2451 νυκτὸς
421 2375 673 2459 παρεισπίπτειν
698 2374 746 2449 είς
772 2375 833 2457 τήν
860 2375 1018 2459 πατρίδα,
1046 2373 1130 2441 άπο-
1150 2397 1177 2437 ευ

108 2480 331 2567 κρουσθέντες
358 2478 389 2546 δ’
411 2480 477 2545 ὑπὸ
505 2491 572 2545 τῶν
599 2484 844 2564 Κροτωνιατῶν
871 2482 1131 2565 κατεστρατοπέ-

108 2587 233 2652 δευσαν
260 2586 315 2652 ἐπὶ
341 2597 409 2652 τῶν
436 2589 606 2672 μεθορίων
633 2595 690 2670 τής
713 2590 880 2673 Βρεττίων
902 2589 1024 2674 χώρας,
1052 2588 1125 2671 μετ’

108 2694 223 2777 ὀλίγον
246 2694 284 2760 δὲ
306 2705 364 2779 της
386 2700 555 2779 πολιτικῆς
577 2694 748 2776 δυνάμεως
771 2693 978 2780 ἐπελθούσης
1004 2701 1131 2762 πολλα-

178 2852 194 2905 1
215 2849 343 2922 ἔννατον]
364 2852 398 2906 ef.
413 2851 612 2907 Binneboessel
632 2850 739 2905 Unte'rs.
759 2851 830 2906 iiber
848 2853 965 2918 Quellen
982 2871 1009 2906 u.
1022 2843 1128 2910 Gesch.

108 2924 134 2977 d.
150 2929 174 2978 2.
190 2923 348 2977 Sama-KR
363 2941 391 2991 p.
403 2929 461 2978 104.
505 2922 523 2977 2
537 2920 680 2985 Σαυνίτας
692 2923 765 2976 RXF
780 2924 825 2993 (cf.
834 2923 899 2977 XVI
908 2930 952 2991 45,
962 2929 992 2991 ὃς
1006 2923 1058 2976 XX
1067 2929 1130 2994 35);

108 2998 138 3048 at
157 2995 192 3048 cf.
207 2995 285 3049 Eust.
300 2995 337 3048 ad
356 2994 389 3048 D.
399 2995 429 3050 P.
445 3000 505 3050 875.
561 2994 579 3049 4
596 2995 636 3057 εἰς
651 2993 702 3056 τὰς
716 2993 850 3063 πολεμίας
862 2994 920 3050 RX.
949 2996 1014 3064 post
1026 2998 1129 3052 ποιού-

107 3086 186 3134 μενοι
204 3067 269 3120 add.
280 3067 378 3136 γάρον
392 3067 422 3121 F.
477 3066 495 3119 5
513 3065 597 3120 οὐδὲν
611 3082 664 3120 om.
679 3066 711 3120 R.
767 3066 784 3120 9
799 3065 976 3127 Κανουσίους
989 3066 1024 3133 F3
1044 3070 1077 3121 at
1091 3069 1128 3122 cf.

108 3136 198 3191 Strab.
214 3137 253 3191 VI
272 3143 297 3204 3,
312 3144 341 3204 '13
359 3136 524 3204 Pt01.1111‚
540 3142 586 3203 633
607 3137 646 3191 st.
661 3137 692 3191 Β.
707 3156 728 3191 ε.
744 3155 767 3191 v.
841 3137 876 3192 10
896 3134 1040 3206 Φαλέρναν
1060 3139 1131 3195 libri

108 3225 203 3262 omnes
217 3209 262 3277 (cf,
274 3208 432 3274 Strab.V3‚
446 3216 475 3275 63
494 3208 577 3262 aliter
590 3207 640 3260 XX
655 3213 698 3273 90,
711 3212 738 3278 3)
753 3212 851 3277 estque
866 3225 900 3263 εε
913 3209 990 3263 iusta
1003 3210 1130 3265 nominis

107 3279 197 3334 forma
225 3280 270 3348 (cf.
296 3279 472 3334 Kubitschek
490 3298 518 3348 p.
532 3283 590 3349 40);
618 3282 774 3347 Φαλερῑναν
801 3279 857 3350 sig.
878 3297 912 3334 ex
937 3281 995 3335 Liv.
1020 3279 1060 3334 IX
1083 3288 1128 3336 20.

108 3351 141 3405 11
156 3349 323 3419 ’ίὶφελτίναν
341 3350 399 3405 RX.
472 3351 508 3406 14
527 3349 721 3419 Σωσίστρατον
745 3351 831 3405 etiam
849 3351 907 3406 ΒΧ.
980 3351 1016 3406 15
1039 3351 1070 3406 ἐν
1094 3360 1131 3426 τῇ

103 3419 229 3510 προτέρμ
238 3423 333 3495 βύβλῳ
348 3420 443 3495 (βίβλῳ
458 3428 482 3477 2.
492 3422 576 3512 m.)'R
589 3422 634 3492 (cf.
645 3438 669 3475 e.
679 3440 705 3511 g.
717 3422 774 3477 Pol.
785 3422 824 3475 IV
832 3428 875 3488 28,
886 3429 910 3478 2.
923 3427 962 3490 6);
978 3422 1008 3477 ἐν
1021 3427 1056 3495 τῇ
1071 3426 1131 3509 πρὸ

72 3490 1140 3639 ιιιίίόικλιθλεεείλήιωλάιιειιλεοζε,
