2460 3848
440 194 482 249 01.
494 200 554 261 ιιι,
565 201 594 249 2:
614 199 665 248 οτι
680 210 705 248 ι.
717 192 779 249 chr.
1056 197 1118 263 167

100 341 328 427 στρατιώταις,
356 339 417 416 ἕως
444 340 523 405 ότου
550 340 738 426 παράλογός
760 362 810 415 τις
833 340 922 405 αίτίιι
944 339 1120 425 προεκαλέ-

100 465 181 513 σατο
214 447 336 524 αὐτοὺς
367 444 416 522 είς
446 448 507 513 τὸν
538 446 698 532 ὁλοσχερῆ
731 447 902 511 κίνδυνον.
956 457 1024 512 τών
1056 449 1119 531 γάρ

100 555 239 638 Λιβύων
256 555 526 638 κατατρεχόντων
549 555 610 638 τῆν
629 554 790 635 πολεμίαν
809 551 1015 638 Ἀγαθοκλῆς
1038 575 1120 639 παρ-

101 661 237 746 ωξύνθη
264 662 302 726 τὸ
330 665 562 746 παραπλήσιον
590 670 733 744 ποιῆσαι.
780 659 931 744 ἀγόντων
958 660 996 725 δὲ
1028 662 1119 725 λείαν

69 779 168 835 ιτών
187 767 356 853 Ἑλλήνων
378 770 436 833 καί
457 791 532 834 τινα
554 777 621 833 τών
640 768 705 832 ἀπὸ
728 777 786 851 τῆς
808 772 1017 853 παρεμβολῆς
1039 767 1121 832 ὑπο-

101 877 224 959 ζυγίων
251 875 492 959 ἀπαγαγόντων
519 873 705 958 ἐπεξῆλθον
732 873 768 940 ἐκ
795 883 855 940 τοῦ
879 875 1121 961 Καρχηδονίων

101 982 243 1067 χάρακος
271 983 304 1047 ολ
330 982 471 1059 τούτους
498 980 680 1059 διώξοντες.
727 978 799 1047 ὁδ’
816 984 1019 1066 Ἀγαθοκλῆς
1041 1000 1157 1066 προ-4

103 1090 256 1171 ίδόμενος
278 1090 315 1154 τὸ
336 1088 459 1171 μέλλον
477 1085 615 1154 ἔσεσθαι
638 1090 727 1173 παρά
750 1090 809 1153 τὸυ
832 1091 981 1172 ποταμὸν
999 1086 1122 1174 έθηκεν

102 1194 243 1282 ἐνέδραν
275 1195 409 1281 ἀνδρῶν
441 1194 620 1261 ἐπιλέκτων
651 1205 723 1271 ταῖς
755 1195 894 1280 ἀρεταῖς.
949 1191 1043 1261 οὗτοι
1074 1195 1122 1280 δέ,

56 1322 83 1362 1⁰
101 1312 169 1367 τών
191 1303 435 1387 Καρχηδονίων
457 1304 536 1379 τοὺς
559 1303 621 1386 τὴν
645 1303 738 1367 λείαν
761 1302 903 1385 ἀγοντας
930 1300 1123 1367 ἐπιδιωκόν-

101 1433 169 1474 των
193 1410 249 1474 καλ
277 1410 466 1492 διαβάντων
492 1411 552 1474 τὸν
576 1410 735 1492 ποταμόν,
763 1406 984 1493 ἐξανέστησαν
1007 1408 1043 1475 ἐκ
1066 1419 1123 1493 τῆς

102 1514 239 1602 ἐνέδρας
262 1517 358 1600 ἀφνω
381 1516 437 1581 καὶ
457 1517 702 1601 προσπεσόντες
725 1515 875 1592 ἀτάκτοις
894 1516 1017 1602 ῥᾳδίως
1035 1514 1123 1602 ἐτρέ-

101 1634 217 1703 ψαντο.
265 1622 503 1708 φονευομένων
526 1622 564 1687 δέ
586 1633 654 1688 τών
675 1623 854 1708 βαρβάρων
877 1624 933 1689 καὶ
956 1625 1039 1709 πρὸς
1062 1623 1158 1707 τῆνο

104 1731 194 1796 ίδίαν
235 1730 449 1817 παρεμβολήν
490 1731 686 1814 φευγόντων
725 1732 944 1816 Ἀγαθοκλῆς,
985 1732 1124 1813 νομίσας

58 1856 84 1896 1⁵
102 1838 196 1921 ῆκειν
226 1839 287 1902 τὸν
318 1838 436 1921 καιρὸν
467 1845 528 1902 τοῦ
561 1837 842 1921 διαγωνίσασθαι,
879 1847 990 1903 πᾶσαν
1020 1840 1124 1922 ήγαγε

102 1946 164 2029 τῆν
196 1945 341 2026 δύναμιν
373 1942 428 2009 ἐπί
463 1945 526 2028 τήν
557 1955 626 2009 τών
658 1945 825 2026 πολεμίων
857 1946 1123 2030 στρατοπεδείαν.

103 2052 302 2136 προσπεσὼν
334 2051 366 2114 δ’
393 2051 506 2128 αὐτοῖς
538 2051 793 2137 ἀπροσδοκήτως
824 2053 880 2116 καί
910 2054 994 2135 ταχὺ
1026 2052 1125 2139 μέρος
1221 2139 1223 2143 Ι

102 2166 161 2243 τῆς
191 2158 323 2244 τάφρου
355 2159 463 2243 χώσας
495 2157 661 2223 ἀνέσπασε
692 2159 752 2223 τὸν
781 2157 907 2243 χάρακα
934 2158 990 2223 καί
1017 2160 1125 2241 βιαζό-

103 2288 202 2348 μενος
225 2266 273 2343 είς
294 2266 356 2349 τήν
383 2267 596 2350 παρεμβολήν
623 2262 867 2349 παρεισέπεσεν.
914 2266 947 2329 ολ
974 2264 1012 2330 δέ
1034 2268 1160 2351 Καρ-6

59 2390 86 2430 2⁰
103 2373 255 2457 χηδόνιοι
287 2371 343 2438 διά
374 2395 409 2437 τε
442 2373 479 2437 τὸ
511 2371 701 2457 παράδοξον
732 2370 1039 2455 καταπεπληγμένοι
1070 2373 1126 2438 καὶ

104 2481 187 2566 πρὸς
220 2476 349 2557 ἔκταξιν
382 2479 422 2543 οὐ
456 2478 637 2561 δυνάμενοι
669 2481 785 2562 λαβεῖν
817 2478 1044 2563 ἀναστροφήν,
1082 2480 1126 2558 ώς

105 2583 199 2672 έτυγε
226 2596 296 2663 τοῖς
323 2587 493 2668 πολεμίοις
520 2585 676 2668 ἀπήντων
705 2586 761 2650 καί
789 2585 1000 2669 ἠγωνίζοντο.
1049 2586 1127 2671 περὶ

105 2693 144 2758 δὲ
170 2694 231 2777 τήν
253 2692 385 2778 τάφρον
413 2690 610 2776 ἀμφοτέρων
638 2690 831 2777 ἐρρωμένως
857 2693 1127 2758 κινδυνευόντων

104 2802 188 2884 ταχὺ
212 2808 276 2876 πᾶς
299 2799 316 2865 ὁ
340 2801 484 2882 πλησίον
507 2799 607 2874 τόπος
630 2808 759 2882 νεκρῶν
781 2800 1008 2890 κατεστρώθη·
1037 2800 1127 2864 οἵτε

60 2923 87 2964 2⁶
105 2909 169 2991 γάρ
192 2918 260 2971 τών
283 2907 527 2990 Καρχηδονίων
550 2904 806 2989 ἐπιφανέστατοι
830 2907 891 2990 τῆν
914 2906 1127 2990 παρεμβολήν

106 3012 249 3098 δρῶντες
277 3012 497 3096 ἁλισκομένην
520 3011 701 3096 ἐβοήθουν,
729 3012 824 3076 οἵτε
851 3013 927 3096 περί
955 3013 1015 3077 τὸν
1035 3014 1128 3095 Ἀγα-

106 3119 232 3185 θοκλέα
260 3130 305 3208 τῷ
336 3123 557 3206 προτερήματι
586 3120 827 3205 τεθαρρηκότες
857 3118 913 3183 καί
939 3120 1128 3199 νομίζοντες

106 3225 158 3292 ἐνί
180 3227 328 3314 κινδύνφ
356 3227 553 3292 καταλύσειν
576 3225 684 3290 πάντα
713 3226 773 3290 τὸν
795 3227 941 3307 πόλεμον
964 3222 1128 3289 ἐνέκειντο

107 3344 177 3412 τοῖς
208 3334 399 3421 βαρβάροις.
452 3333 470 3399 ό
499 3332 531 3398 δ’
554 3333 706 3415 Ἀμίλκας
733 3331 822 3417 δρῶν
849 3331 1128 3416 κατισχυομένους
1145 3330 1206 3396 109

178 3562 197 3615 6
212 3571 269 3618 τών
285 3569 376 3636 Καρχ.
396 3564 426 3619 F.
503 3564 522 3622 8
543 3561 686 3636 ἐνέθηκεν
701 3563 741 3619 δέ.
812 3559 858 3614 Χῖ)
874 3564 931 3612 που
949 3551 1064 3607 mx.
