2460 3848
443 192 597 259 01.118‚2:
617 157 783 246 εωιοιι,
1058 194 1123 260 249

102 338 219 430 ηρέθη.
260 339 305 417 ὡς
329 336 359 402 δ’
377 338 414 402 αλ
434 360 468 403 τε
492 337 671 421 σάλπιγγες
690 338 727 402 τὸ
746 337 927 419 πολεμικὸν
945 335 1125 421 ἐσήμαινον

103 446 159 512 καί
191 442 422 530 συνηλάλαξαν
450 445 485 509 αί
515 443 672 526 δυνάμεις
700 443 897 529 ἀμφότεραι,
931 443 1125 530 φερομένων

104 553 242 618 ἀπασῶν
264 562 332 617 τῶν
355 562 442 617 νεῶν
465 553 513 629 είς
535 549 682 635 ἐμβολήν
703 555 971 634 καταπληκτικῶς
998 552 1036 616 τὸ
1063 551 1125 634 μὲν

103 669 237 743 πρῶτον
264 669 335 736 τοῖς
361 655 470 736 τόξοις
491 659 547 723 καὶ
569 668 640 735 τοῖς
662 657 892 743 πετροβόλοις,
919 653 967 723 έτι
996 657 1034 723 δὲ
1056 668 1126 735 τοῖς

73 765 320 848 ιάκοντίσμασι
352 775 493 842 πυκνοῖς
523 765 688 850 χρώμενοι
718 763 1016 850 κατετραυμάτιζον
1047 767 1126 842 τοὺς

102 872 363 950 ὑποπίπτοντας·
395 867 465 938 εἶτα
495 871 767 956 συνεγγισάντων
795 882 863 937 τῶν
895 882 1035 955 σκαφῶν
1070 872 1126 936 καλ

103 979 287 1063 μελλούσης
318 981 476 1062 γίνεσθαι
506 986 566 1064 τῆς
598 977 741 1065 ἐμβολῆς
772 980 885 1061 βιαίου
918 979 951 1044 oi
980 978 1042 1060 μὲν
1071 976 1126 1043 ἐπὶ

103 1097 170 1152 τῶν
197 1086 482 1172 καταστρωμάτων
510 1091 740 1169 συγκαθῆκαν,
769 1086 803 1150 ολ
833 1082 863 1149 δ’
886 1083 995 1170 ἐρέται
1022 1107 1127 1171 παρα-

103 1192 284 1277 κληθέντες
307 1192 374 1258 ὑπὸ
401 1203 469 1258 τῶν
491 1197 678 1258 κελευστῶν
701 1188 929 1278 ἐκθυμότερον
952 1191 1126 1259 ἐνέκειντο.

58 1324 85 1364 ιο
103 1299 167 1366 ἀπὸ
191 1299 333 1386 κράτους
361 1299 476 1365 δὲκαὶ
499 1301 575 1382 βίας
598 1297 785 1365 ἐλαθεισῶν
808 1308 875 1363 τῶν
898 1309 985 1363 νεῶν
1008 1301 1043 1364 αί
1065 1300 1161 1382 μένι

102 1407 294 1494 παρέσυρον
322 1407 475 1491 ἀλλήλων
498 1409 577 1483 τοὺς
603 1406 763 1490 ταρσούς,
790 1405 874 1471 ὥστε
901 1406 985 1489 πρὸς
1012 1409 1127 1491 φυγήν

102 1515 157 1580 καὶ
176 1515 325 1600 διωγμὸν
341 1514 526 1599 ἀχρήστους
544 1515 702 1596 γίνεσθαι
719 1513 775 1578 καλ
792 1513 871 1590 τούς
889 1509 1127 1597 ἐπιβεβηκότας

103 1622 228 1706 ἀνδρας
256 1623 449 1708 ὡρμηκότας
478 1622 562 1704 πρὸς
594 1619 698 1704 ἀλκήν
730 1619 922 1685 κωλύεσθαι
953 1631 1011 1705 τῆς
1043 1621 1127 1704 πρὸς

102 1731 162 1794 τὸν
180 1729 343 1794 κίνδυνον
362 1727 477 1813 δρμής·
501 1728 536 1792 αί
555 1727 593 1792 δὲ
614 1728 697 1792 κατά
720 1736 858 1814 πρῶραν
880 1736 951 1803 τοῖς
973 1725 1126 1810 ἐμβόλοις

58 1855 84 1896 ιι
103 1835 348 1922 συρράττουσαι
370 1835 527 1920 πρύμναν
548 1833 771 1917 ἀνεκρούοντο
795 1835 878 1919 πρὸς
901 1834 1006 1917 ἀλλην
1029 1832 1126 1917 ἐμβο-

104 1944 166 2027 λήν
188 1942 244 2007 καὶ
266 1942 564 2028 κατετραυμάτιζον
583 1940 747 2025 ἀλλήλους
770 1941 803 2005 ολ
825 1940 960 2017 ταύταις
982 1939 1126 2024 ἐφεστῶ-

102 2071 165 2131 τες,
189 2048 245 2113 ἀτε
263 2057 323 2115 τοῦ
343 2056 470 2115 σκοποῦ
490 2048 656 2133 σύνεγγυς
674 2046 824 2123 ἑκάστοις
840 2045 1003 2129 κειμένου.
1038 2047 1127 2124 τινές
1210 2130 1213 2138 ¹

103 2154 141 2219 δὲ
167 2165 235 2220 τῶν
257 2167 468 2241 τριηραρχῶν
491 2153 527 2220 ἐκ
555 2157 696 2239 πλαγίας
724 2149 868 2219 ἔτυπτον
894 2154 950 2218 καλ
976 2165 1044 2219 τῶν
1071 2152 1126 2236 ἐμ-

103 2262 214 2343 βόλων
233 2262 518 2339 δυσαποσπάστως
540 2260 687 2346 ἐχόντων
705 2259 880 2345 ἐπεπήδων
901 2259 956 2326 ἐπί
978 2262 1036 2338 τὰς
1059 2271 1126 2326 τῶν

59 2388 85 2428 ιο
102 2370 270 2450 πολεμίων
294 2377 392 2452 ναῦς,
421 2370 528 2434 πολλὰ
556 2369 612 2434 καλ
639 2368 823 2453 πάσχοντες
851 2368 945 2433 δεινὰ
972 2368 1028 2433 καὶ
1056 2368 1126 2433 δια-

102 2474 264 2552 τιθέντες·
293 2477 326 2541 ολ
353 2475 414 2557 μὲν
441 2477 506 2560 γὰρ
533 2485 601 2540 τῶν
628 2473 827 2560 ἐγγιζόντων
854 2476 975 2559 τοίχων
998 2473 1161 2559 ἐφαψάι

102 2604 196 2664 μενοι
223 2582 279 2647 καλ
307 2581 490 2666 σφαλέντες
516 2590 574 2666 τής
601 2582 728 2664 βάσεως
755 2581 970 2668 περιέπιπτον
993 2584 1042 2659 είς
1063 2583 1126 2647 θά-

103 2692 230 2753 λασσαν
248 2688 304 2752 καλ
326 2698 524 2774 παραχρῆμα
546 2698 617 2765 τοῖς
639 2689 780 2775 δόρασιν
802 2688 869 2754 ὑπὸ
892 2700 960 2755 τῶν
982 2687 1126 2774 ἐφεστῶ-

173 2844 422 2913 2συνηλλάλοιξαν
440 2846 471 2899 F.
544 2842 616 2901 3τὸ
639 2845 690 2914 μὲν
714 2842 765 2900 obv
787 2853 898 2913 πρῶτον
917 2847 947 2901 F.
1020 2845 1126 2914 8συγ·

102 2917 249 2988 καθῆκαν]
269 2917 342 2971 ‘seii
361 2916 396 2971 τὰ
415 2914 535 2984 δόρατα
549 2916 654 2985 Rhod.;
673 2917 777 2972 rectius
791 2915 881 2972 Wess.
901 2918 1052 2988 ‘ingenua
1066 2932 1126 2971 sese

103 2987 288 3043 demiserunt’
321 2989 366 3058 (cf.
399 2988 527 3056 Droysen
546 2987 607 3041 112
632 3007 660 3058 p.
681 2992 756 3058 182);
791 2988 974 3043 ‘subauditur
1001 2987 1126 3056 ἑαυτούς,

103 3059 187 3113 simul
206 3075 301 3114 omnes
320 3058 497 3126 nitebantur,
516 3058 720 3115 incumbebant
738 3061 871 3114 adversus
888 3059 997 3114 διοικῶν
1013 3058 1125 3113 Reiske.

103 3130 138 3186 10
157 3131 311 3186 ἐλαθεισῶν
329 3130 409 3198 libri,
428 3148 485 3185 non
503 3130 674 3186 ἐλασθεισῶν
694 3132 740 3201 (cf.
761 3131 890 3186 Schmidt
907 3131 932 3185 J.
945 3131 964 3184 f.
974 3131 1024 3184 Ph.
1040 3147 1061 3184 ε.
1075 3129 1126 3182 XX

102 3220 129 3271 p.
158 3207 224 3269 4683
260 3201 376 3257 Orbnerb
407 3220 444 3257 m.
473 3201 518 3256 Gr.
546 3202 628 3256 Herc.
661 3221 689 3272 p.
713 3206 784 3272 227).
871 3202 906 3257 12
932 3199 1068 3272 γενέσθαι
1094 3202 1124 3257 F.

103 3273 138 3327 14
160 3270 274 3347 πρῴραν
297 3272 361 3341 RX3
385 3273 419 3328 cf.
438 3273 651 3328 Winer-Schm.
670 3293 698 3344 p.
715 3280 757 3328 λλ.
839 3273 875 3328 lb
900 3273 1126 3342 συναναράττου-

103 3360 150 3398 σαι
172 3345 203 3411 F,
228 3361 296 3399 corr.
321 3351 346 3399 2.
367 3362 403 3399 m.
454 3344 644 3413 ἀνεκρούοντο.
726 3345 761 3400 18
782 3353 958 3415 τριηραρχῶν
983 3344 1062 3410 h'bri;
1089 3345 1124 3398 cf.

102 3414 153 3468 XX
179 3422 203 3483 7,
226 3422 256 3481 4ς
294 3418 427 3485 ’τριηρῶν
460 3418 510 3470 aut
541 3424 691 3486 τριηρικῶν
722 3417 792 3482 (scil.
827 3419 975 3482 numism
1000 3415 1123 3464 ‘num‘
1137 3449 1158 3489 ¹,

102 3485 136 3540 21
165 3484 328 3555 ἐγγιζόντων
356 3488 378 3541 F
410 3505 499 3558 ⁸11qu
533 3487 676 3559 μενόντων
700 3487 770 3543 mk.
820 3487 917 3538 *nm
944 3477 1152 3544 {Quibus-ouen

100 3556 208 3611 Reiske.
282 3558 321 3613 22
337 3559 379 3624 είς
397 3560 450 3632 τὴν
469 3559 626 3620 θάλασσαν
641 3560 709 3616 H.
