2460 3848
447 213 599 282 01.117,2:
620 171 786 270 annachr.
1062 219 1125 284 165

176 362 380 444 Ἀγαθοκλῆς
416 359 454 425 δὲ
490 361 547 436 τοῖς
584 370 651 424 τῶν
687 361 930 445 Καρχηδονίων
969 363 1127 446 δυνάμεις
1143 363 1205 428 107

107 466 196 552 ὁρῶν
219 465 446 552 ὑπερεχούσας
472 476 540 532 τῶν
563 464 684 532 ἑαυτοῦ
712 466 844 550 διέλαβε
870 478 938 533 τῶν
960 492 996 534 τε
1022 494 1127 556 φρου-

107 575 190 658 ρίων
209 573 271 638 οόκ
294 573 391 657 ὀλίγα
412 577 664 658 μεταθήσεσθαι
686 576 771 660 πρὸς
792 577 871 651 τοὺς
893 577 1050 653 Φοίνικας
1072 577 1127 642 καλ

105 691 174 745 τῶν
200 682 331 746 πόλεων
359 681 434 746 ὅσαι
460 679 690 766 προσέκοπτον
718 681 815 770 αὐτῷ.
862 681 1002 764 μάλιστα
1025 679 1055 746 δ’
1074 683 1161 749 εό-κ

74 791 238 870 ελαβεῖτο
266 788 343 873 περὶ
369 797 426 872 της
456 799 524 853 τῶν
552 788 703 876 Γελῴων,
733 790 991 872 πυνθανόμενος
1020 789 1058 856 ἐν
1087 799 1126 876 τῇ

105 895 234 960 τούτων
252 895 344 982 χώρηι
366 895 472 972 πάσας
496 888 581 960 εἶναι
604 896 663 972 τὰς
684 906 752 961 τῶν
770 898 938 979 πολεμίων
961 896 1126 980 δυνάμεις.

106 999 236 1085 ἐγένετο
260 998 291 1065 δ’
310 1002 398 1090 αὐτῷ
422 1002 498 1088 περλ
521 1010 641 1067 τοῦτον
664 1004 724 1068 τὸν
746 1005 871 1089 χρόνον
891 1004 947 1069 καὶ
969 990 1046 1088 περὶ
1067 1006 1128 1069 τὸν

106 1110 228 1174 στόλον
257 1109 298 1174 οὐ
328 1110 448 1195 μικρὸν
478 1108 663 1192 ἐλάσσωμα·
694 1121 761 1175 τῶν
791 1112 854 1196 γάρ
884 1120 971 1175 νεῶν
1002 1111 1128 1176 εἴκοσιν

106 1214 161 1281 ἐπὶ
189 1217 249 1281 τὸν
279 1217 436 1301 πορθμὸν
465 1215 652 1302 ὑποχείριοι
680 1226 750 1293 τοῖς
778 1218 1023 1302 Καρχηδονίοις
1051 1241 1127 1283 κατ-

60 1346 87 1386 ιο
106 1322 248 1407 έστησαν
276 1325 340 1388 σὺν
368 1323 482 1400 αὐτοῖς
509 1322 681 1408 ἀνδράσιν.
732 1323 773 1389 οὐ
803 1325 869 1408 μην
899 1323 983 1388 ἀλλὰ
1011 1326 1162 1409 κρίνας3

105 1431 257 1514 τὴντῶν
281 1430 422 1516 Γελῴων
445 1431 544 1494 πόλιν
568 1429 820 1515 ἀσφαλίσασθαι
848 1436 997 1517 φρουρᾷ,
1025 1453 1127 1514 φανε-

107 1547 171 1621 ρῶς
199 1536 261 1602 οὐκ
274 1547 275 1550 ’
288 1535 409 1619 ἐτόλμα
436 1536 581 1619 δύναμιν
609 1538 809 1621 είσαγαγεῖν,
840 1537 896 1601 ἵνα
924 1538 967 1621 μὴ
997 1536 1127 1621 φθάσαι

106 1646 216 1729 συμβῇ
247 1646 325 1720 τοὺς
356 1643 508 1731 Γελῴους
539 1643 738 1728 προφάσεως
769 1642 948 1725 δεομένους
979 1643 1034 1709 καλ
1066 1645 1127 1728 την

105 1752 205 1816 πόλιν
234 1748 386 1840 ἀποβάλῃ
415 1749 558 1833 μεγάλας
587 1749 740 1835 ἀφορμάς
770 1751 859 1836 αὐτῷ
890 1750 1126 1836 παρεχομένην.

60 1877 87 1919 ιι
106 1856 298 1923 ἀπέστειλεν
326 1851 389 1922 οὖν
416 1857 488 1923 κατ’
511 1856 645 1941 ὀλίγους
672 1868 740 1922 τῶν
768 1868 977 1941 στρατιωτῶν
1002 1858 1046 1935 ὡς
1073 1856 1162 1923 ίπίι

105 1987 198 2041 τινας
225 1967 351 2050 χρείας,
379 1963 439 2041 ἕως
467 1965 546 2030 ὅτου
575 1963 699 2048 συνέβη
723 1973 768 2051 τῴ
792 1967 915 2047 πλήθει
937 1967 1023 2029 πολὺ
1047 1985 1128 2050 προ-

106 2080 241 2157 τερῆσαι
259 2082 326 2137 τῶν
341 2077 528 2137 πολιτικῶν.
562 2069 629 2153 μετ’
644 2070 759 2154 ὀλίγον
776 2069 814 2134 δὲ
831 2069 887 2134 καὶ
906 2069 1005 2148 αὐτὸς
1024 2091 1128 2156 παρα-

106 2180 284 2263 γενόμενος
321 2179 506 2264 προδοσίαν
543 2177 714 2244 ἐνεκάλεσε
750 2176 806 2242 καὶ
843 2176 1023 2259 μετάθεσιν
1059 2187 1128 2254 τοῖς

108 2285 265 2373 Γελῴοις,
293 2285 359 2349 εἴτε
385 2285 441 2350 καλ
468 2284 538 2350 κατ’
556 2285 719 2370 ἀληθειαν
742 2283 854 2348 αὐτῶν
877 2283 1128 2368 διανοηθέντων

60 2414 87 2454 ιο
106 2414 138 2456 τι
160 2391 281 2476 πρᾶξαι
303 2400 468 2476 τοιοῦτον,
499 2392 563 2458 ε’ίτε
586 2391 642 2458 καὶ
665 2390 803 2471 ψευδέσι
826 2391 997 2473 διαβολαῖς
1021 2392 1128 2477 φνγά-

107 2499 176 2564 δων
204 2498 355 2575 πεισθείς
383 2497 403 2582 ἢ
431 2498 487 2563 καὶ
509 2499 685 2585 χρημάτων
707 2500 912 2582 βουλόμενος
935 2499 1128 2584 εὐπορῆσαι,

107 2606 214 2683 <καλ>
235 2602 403 2690 ἀπέσφαξε
426 2615 494 2670 τῶν
513 2603 655 2694 Γελῴων
678 2606 814 2682 πλείους
836 2614 904 2670 τῶν
926 2622 1128 2691 τετρακισχι-

107 2714 189 2777 λίων
219 2711 275 2777 καλ
307 2713 364 2788 τάς
396 2712 513 2788 οὐσίας
545 2711 655 2777 αὐτῶν
684 2709 833 2794 ἀνέλαβε.
884 2712 1062 2796 προσέταξε
1090 2712 1128 2777 δέ

106 2819 162 2885 καλ
193 2828 263 2896 τοῖς
294 2819 407 2895 ἀλλοις
436 2815 579 2906 Γελῴοις
610 2826 691 2882 πᾶσι
723 2817 763 2881 τά
793 2840 829 2882 τε
856 2820 1041 2901 νομίσματα
1072 2820 1128 2883 καῖ

61 2946 88 2988 ιε
107 2927 167 2992 τὸν
201 2927 329 3010 ἀσημον
363 2926 513 3012 ἀργυρόν
544 2947 578 2990 τε
610 2925 665 2990 καλ
692 2924 819 3008 χρυσὸν
847 2923 1048 3009 ἀνενεγκεῖν,
1078 2925 1127 2988 δι-

178 3154 196 3208 2
214 3163 269 3209 τῶν
288 3153 389 3209 ἑαυτοῦ
403 3170 456 3208 om.
471 3155 506 3220 F;
522 3155 574 3208 ast.
589 3155 646 3207 not.
663 3151 758 3221 Steph.
809 3152 827 3207 8
844 3161 900 3207 τῶν
918 3152 972 3222 γὰρ
990 3159 1062 3206 νεῶν
1081 3150 1126 3205 έπλ

106 3227 181 3296 (περὶ
205 3225 322 3292 Reisk03
349 3228 379 3280 οῖ
401 3225 676 3291 ef.P01.11119‚4)
698 3220 748 3280 τὸν
770 3221 902 3293 πορθμὸν
928 3223 1033 3277 είκοοιν
1058 3225 1127 3277 ὀπο-

107 3297 199 3368 χείρια
216 3319 239 3352 τ.
254 3303 283 3352 Κ
303 3297 373 3352 21⁴¹.
433 3297 468 3351 11
487 3304 626 3366 φρουραῖς
643 3295 673 3350 F.
733 3295 769 3349 13
786 3303 846 3357 τοῖς
864 3291 980 3368 Γελῴοις
997 3295 1027 3348 Γ.
1066 3298 1128 3349 δεο-

106 3365 219 3441 μένους]
239 3365 389 3439 δεδομένης
403 3368 515 3433 Wurm;
530 3364 700 3438 λαβομένονς
713 3366 802 3421 ΗοεῖΙ.
817 3366 843 3419 Π
857 3373 872 3419 2
888 3384 915 3435 p.
928 3372 969 3420 17.
1024 3365 1060 3420 19
1079 3366 1127 3419 καλ

108 3440 162 3496 del.
177 3440 287 3495 Reiske.
325 3441 401 3514 αὐτῷ
415 3441 445 3494 F.
500 3437 927 3509 21ἢκαλνὴίεὶο)διδιχρ.Γ.
980 3436 1022 3489 ‘2⁶2
1037 3436 1135 3498 ζωὴ

108 3512 173 3635 aff.
188 3511 276 3652 B)ekk.
333 3511 369 3566 23
388 3510 518 3587 ἀνέλαβε]
536 3511 602 3569 fort.
623 3510 663 3576 εἰς
683 3506 772 3567 αδετῖιν
792 3508 968 3563 mmmm
978 3500 1094 3554 οιῖδκ
1104 3501 1164 3553 διδ»

104 3587 117 3651 (
152 3597 221 3643 σεε..

1127 3764 1162 3792 Δ
