2460 3848
118 197 184 262 300
486 192 600 247 Diodor.
610 191 661 244 XX
675 197 717 246 89.
729 197 770 246 90.

65 341 108 406 89
190 341 285 404 Κατδι
312 339 350 404 δὲ
377 341 439 424 τῆν
466 340 626 403 Σικελίαν
650 339 854 422 Ἀγαθοκλῆς
883 338 924 403 ού
952 338 1140 420 δυνάμενος

119 446 344 512 διαλύσασθαι
380 446 463 531 πρὸς
499 447 577 521 τοὺς
613 444 690 530 περὶ
721 444 951 531 Δεινοκράτην
985 445 1139 529 φυγάδας

119 552 290 632 ἀνέζευξεν
311 549 362 617 ἐπ’
381 553 504 628 αὐτοὺς
530 553 608 633 μεθ’
624 548 664 636 ῆς
691 546 758 637 εἶχε
781 551 967 636 δυνάμεως,
995 554 1139 634 νομίζων

118 658 301 743 ἀναγκαίου
332 658 494 745 ὑπάρχειν
526 659 615 747 αύτῷ
648 646 916 724 διακινδυνεύειν
946 658 1002 723 καὶ
1033 679 1139 744 παρα-

118 766 302 849 βάλλεσθαι
331 765 408 851 περί
436 775 504 830 τῶν
534 766 629 831 ὅλων.
683 766 962 849 συνηκολούθουν
991 762 1022 830 δ’
1048 765 1138 852 αὐτῷ
1172 791 1184 831 ε

117 873 209 951 πεζοί
235 873 297 955 μὲν
324 873 365 938 ού
394 874 529 949 πλείους
556 882 623 937 τῶν
649 874 935 957 πεντακισχιλίων,
965 873 1073 949 ίππείς
1101 873 1140 938 δὲ

82 982 166 1056 κείς
202 979 425 1056 ὀκτακοσίους.
479 980 512 1044 ολ
549 979 586 1044 δέ
622 979 698 1064 περὶ
729 979 958 1064 Δεινοκράτην
990 979 1140 1064 φυγάδες

118 1086 261 1169 ὁρῶντες
284 1087 345 1171 τῆν
363 1096 431 1151 τῶν
451 1088 618 1167 πολεμίων
642 1085 748 1171 ὁρμῆν
771 1087 909 1168 άσμενοι
930 1090 1140 1171 κατήντησαν

119 1195 167 1270 είς
197 1194 259 1278 τῆν
290 1193 408 1277 μάχην,
440 1194 534 1271 όντες
565 1193 818 1259 πολλαπλάσιοι·
856 1194 947 1272 πεζοὶ
981 1194 1042 1276 μέν
1073 1196 1138 1278 γάρ

118 1300 270 1385 ὑπῆρχον
297 1302 432 1376 πλείους
461 1311 529 1365 τῶν
556 1302 742 1386 δισμυρίων
768 1300 824 1366 καὶ
853 1302 1138 1386 πεντακισχιλίων,
1158 1325 1186 1364 ιο

121 1408 229 1484 λππελς
257 1404 287 1471 δ’
306 1407 368 1472 οὐκ
395 1405 550 1485 ἐλάττους
578 1410 777 1493 τρισχιλίων.
824 1407 1139 1493 ἀντιστρατοπεδευ-

119 1513 250 1579 σάντων
282 1513 314 1577 δ’
338 1513 449 1579 αὐτῶν
480 1514 556 1598 περὶ
587 1516 625 1580 τὸ
657 1515 864 1597 καλούμενον
905 1516 1047 1598 Τόργιον
1082 1517 1138 1580 καὶ

118 1622 198 1703 μετά
234 1631 338 1685 ταῦτα
373 1619 654 1704 παραταξαμένων
688 1618 740 1686 ἐπ’
768 1621 883 1705 ὀλίγον
917 1622 978 1704 μὲν
1014 1623 1139 1707 χρόνον

119 1727 261 1810 συνέστη
285 1730 427 1813 καρτερά
449 1728 534 1812 μάχη
558 1729 614 1793 διά
636 1730 693 1805 τάς
716 1727 913 1811 ἀμφοτέρων
934 1731 1088 1814 προθυμί
1132 1751 1137 1760 ·

118 1835 198 1916 μετά
221 1834 384 1899 δὲταῦτα
407 1846 475 1900 τῶν
497 1837 580 1918 πρὸς
608 1837 667 1900 τὸν
690 1834 919 1919 Δεινοκράτην
942 1834 1140 1922 διαφερομέ-
1159 1858 1184 1898 ιι

118 1965 189 2006 νων
211 1940 313 2025 τινές,
341 1942 435 2019 όντες
457 1944 592 2019 πλείους
615 1953 683 2007 τῶν
706 1942 888 2025 δισχιλίων,
918 1942 1138 2025 μετεβάλοντο

118 2049 202 2134 πρὸς
219 2050 279 2114 τὸν
298 2049 466 2133 τύραννον
484 2049 626 2125 καὶτοῖς
645 2046 794 2132 φυγάσιν
813 2047 912 2112 αίτιοι
934 2048 1140 2133 κατέστησαν

83 2175 99 2224 3
118 2164 176 2238 τῆς
202 2155 309 2239 ῆττης.
356 2157 389 2220 oz
415 2156 477 2238 μέν
500 2156 563 2239 γάρ
586 2151 655 2236 μετ’
670 2153 913 2237 Ἀγαθοκλέους
935 2155 1028 2232 όντες
1050 2159 1138 2221 πολὺ

118 2267 245 2343 μᾶλλον
264 2260 468 2346 ἐθάρρησαν,
491 2262 524 2327 ολ
543 2262 580 2326 δέ
598 2261 814 2347 Δεινοκράτει
838 2262 1139 2344 συναγωνιζόμενοι

118 2369 370 2453 κατεπλάγησαν
392 2368 447 2434 καί
474 2370 671 2450 νομίσαντες
692 2370 828 2444 πλείους
855 2361 941 2433 εἶναι
968 2371 1047 2446 τοὺς
1075 2369 1139 2454 άφ-
1159 2391 1185 2431 ω

119 2475 314 2558 ισταμένους
337 2477 421 2559 πρὸς
444 2476 559 2559 φυγῆν
581 2475 746 2560 ὥρμησαν.
793 2468 894 2540 em
918 2475 979 2557 μὲν
998 2475 1139 2559 Ἀγαθο-

118 2588 198 2665 κλῆς
234 2579 353 2659 διώξας
389 2582 512 2657 αύτούς
547 2581 642 2667 μέχρι
677 2582 768 2658 τινὸς
800 2581 854 2646 καὶ
886 2590 946 2646 τοῦ
979 2583 1139 2666 φονεύειν

119 2686 345 2773 ἀποσχόμενος
368 2687 568 2770 διεπέμψατο
592 2689 675 2774 πρὸς
697 2691 776 2764 τοὺς
798 2688 1013 2772 ἡττημένους,
1036 2687 1138 2766 ἀξιῶν

118 2796 313 2860 παύσασθαι
340 2795 401 2877 μὲν
427 2807 485 2880 τῆς
513 2796 690 2880 διαφορᾶς,
718 2802 1009 2880 καταπορευθῆναι
1036 2795 1069 2860 δ’
1091 2798 1139 2874 είς

118 2905 176 2980 τάς
221 2903 394 2988 πατρίδας·
435 2902 607 2987 εἰληφέναι
646 2903 710 2988 γάρ
754 2902 877 2978 αὐτοὺς
917 2912 1037 2986 πεῖραν
1077 2913 1137 2969 τοῦ
1158 2925 1185 2965 ω

118 3009 275 3094 μηδέποτ’
306 3008 348 3074 δν
385 3009 553 3075 δύνασθαι
594 3008 829 3095 περιγενέσθαι
870 3010 948 3085 τοὺς
985 3008 1139 3094 φυγάδας

190 3203 207 3257 6
234 3213 289 3257 τῶν
317 3221 370 3257 om.
394 3202 424 3256 F.
487 3199 698 3272 ὀκτακισχιλίων
726 3203 756 3268 F,
785 3219 854 3257 corr.
882 3209 906 3256 2.
928 3221 964 3256 m.
992 3203 1023 3256 in
1048 3218 1137 3272 marg.

118 3275 135 3329 9
157 3275 209 3345 τῆν
232 3292 285 3328 om.
306 3275 337 3330 F.
410 3273 445 3327 12
464 3271 585 3343 Γόργιον
602 3273 653 3327 RX
678 3271 833 3344 Γοργόνιον
858 3274 892 3341 F3
918 3275 989 3344 ign.;
1018 3270 1139 3342 Τόργιον

119 3346 205 3400 Ortel.
229 3349 258 3400 et
280 3345 356 3401 Oluv.
379 3362 413 3399 ex
435 3345 514 3412 Ηοε.;
543 3346 577 3400 ef.
606 3346 688 3400 Holm
716 3345 747 3400 G.
766 3346 791 3399 S.
811 3345 837 3398 11
859 3364 886 3414 p.
906 3351 971 3411 4793
1000 3344 1140 3400 Schubert

117 3418 222 3488 Δημύλε.
248 3435 275 3486 p.
299 3422 362 3482 1913
391 3416 495 3470 Beloch
522 3416 561 3470 111
583 3424 596 3471 1
625 3435 651 3486 p.
672 3422 724 3470 208
744 3433 769 3470 a.
785 3423 809 3470 1.
893 3416 929 3471 14
956 3416 1005 3470 διὰ
1031 3424 1080 3486 τῆς
1107 3417 1137 3470 F.

118 3488 212 3544 15.16
229 3488 303 3550 τινὲς
322 3485 532 3556 διαφερομένων
551 3488 581 3556 F,
601 3505 669 3542 corr.
690 3495 714 3543 2.
730 3506 765 3542 m.
831 3488 867 3543 19
884 3486 1059 3557 Δεινοκράτη
1078 3487 1137 3543 RX.

111 3559 153 3614 23
168 3557 336 3629 διεπέμπετο
355 3559 385 3612 F.
459 3558 494 3612 26
512 3558 612 3628 μήποτ’
629 3559 659 3612 λ’.
