2460 3848
439 149 592 218 01.115‚4:
613 155 664 205 317
680 149 778 206 που.
1075 155 1118 220 23

100 296 253 382 καθάπερ
277 293 395 381 ἔφησε,
418 296 477 361 τὸν
496 293 714 382 Ἀλεξάνδρου
737 296 898 379 θάνατον,
926 294 1055 375 ἐπέλεξε
1082 297 1120 362 δέ

101 403 156 468 καί
183 413 252 468 τῶν
274 401 478 487 Κασάνδρου
506 403 616 487 φίλων
641 404 721 480 τοὺς
744 401 1025 488 ἐπιφανεστάτους
1048 402 1120 468 ἑκα-

99 512 160 576 τὸν
179 509 394 592 Μακεδόνας,
416 507 476 586 οὓς
499 509 646 588 ἅπαντας
668 507 866 594 ἀπέσφαξεν.
903 508 941 575 ἐν
958 510 1120 586 τοιούτοις
1139 526 1154 574 9

101 617 139 683 δέ
168 619 423 702 παρανομήμασι
451 621 625 701 πληροῦσα
656 617 716 682 τὸν
747 615 864 700 ἑαυτῆς
895 617 1009 699 θυμὸν
1037 618 1119 701 ταχὺ

69 727 247 800 ιπολλοὺς
274 733 343 791 τῶν
372 722 582 789 Μακεδόνων
612 721 746 807 ἐποίησε
776 733 912 807 μισῆσαι
943 724 1005 808 τῆν
1037 723 1121 805 ὠμό-

99 850 193 915 τητα·
216 830 337 907 πάντες
355 831 419 916 γάρ
437 827 720 914 άνεμιμνῆσκοντο
743 841 812 895 τῶν
827 829 1043 912 Ἀντιπάτρου
1068 831 1121 894 λό-

100 961 181 1021 γων,
211 936 248 1014 δς
276 936 429 1022 καθάπερ
458 936 665 1022 χρησμῳδῶν
694 934 748 1001 ἐπὶ
775 945 834 1021 τῆς
860 941 1012 1021 τελευτῆς
1039 957 1121 1021 παρ-

103 1044 295 1131 εκελεύσατο
313 1043 477 1128 μηδέποτε
496 1053 708 1129 συγχωρῆσαι
726 1043 860 1127 γυναικί
877 1053 935 1129 τῆς
953 1044 1122 1125 βασιλείας

78 1225 82 1231 ,
103 1160 334 1237 προστατῆσαι.
370 1152 411 1216 τὰ
429 1150 491 1233 μὲν
510 1144 573 1215 ούν
590 1151 673 1215 κατὰ
686 1150 905 1215 Μακεδονίαν
923 1158 1045 1219 τοῦτον
1062 1151 1122 1215 τὸν

59 1281 84 1320 ιο
101 1260 227 1344 τρόπον
250 1256 465 1343 διοικηθέντα
487 1257 658 1343 πρόδηλον
677 1250 743 1342 εἶχε
766 1259 828 1341 τῆν
846 1255 1007 1341 ἐσομένην
1027 1278 1123 1339 μετα-

101 1367 215 1449 βολῆν.

173 1471 268 1537 Κατά
295 1470 334 1536 δὲ
360 1471 421 1555 τῆν
441 1466 556 1535 Ἀσίαν
578 1470 732 1554 Εὐμενὴς
759 1470 821 1552 μὲν
848 1466 934 1555 ἔχων
960 1471 1038 1546 τοὺς
1066 1468 1122 1555 ἆρ-
1135 1470 1175 1534 12

101 1577 309 1663 μυράσπιδας
338 1577 540 1654 Μακεδόνας
570 1577 625 1642 καί
654 1578 715 1643 τὸν
743 1576 980 1661 ἀφηγούμενον
1013 1576 1124 1641 αὐτῶν

99 1684 291 1769 Ἀντιγένην
321 1685 540 1770 παρεχείμασε
570 1684 632 1767 μὲν
658 1693 716 1768 τῆς
744 1685 961 1767 Βαβυλωνίας
988 1681 1026 1748 ἐν
1053 1692 1125 1760 ταίς

59 1814 83 1854 ιι
103 1790 359 1875 ὀνομαζομέναις
381 1795 506 1876 Καρῶν
533 1791 670 1874 κώμαις,
698 1791 781 1875 πρὸς
809 1790 847 1856 δὲ
871 1790 1041 1856 Σέλευκον
1068 1790 1124 1854 καί

103 1899 249 1964 Πίθωνα
271 1896 426 1983 πρέσβεις
449 1897 650 1980 ἀπέστειλεν,
681 1895 782 1975 ἀξιῶν
809 1900 951 1981 βοηθεῖν
973 1907 1043 1974 τοῖς
1065 1899 1124 1979 βα-

104 2009 233 2070 σιλεῦσι
263 2004 318 2070 καί
350 2005 419 2087 μετ’
445 2005 549 2070 αὐτοῦ
582 2005 879 2088 συναγωνίσασθαι
911 2005 994 2089 πρὸς
1018 2003 1124 2070 Ἀντί-

102 2135 214 2195 γονον.
266 2112 396 2177 τούτων
426 2109 456 2177 δ’
482 2111 500 2177 ὁ
530 2111 592 2194 μὲν
621 2112 745 2177 Πίθων
774 2121 832 2195 τῆς
861 2111 1011 2194 Μηδίας,
1041 2110 1059 2175 δ
1089 2107 1158 2176 δί

104 2217 214 2303 ἕτερος
234 2228 291 2302 τῆς
310 2220 528 2301 Βαβυλωνίας
553 2218 720 2303 σατράπης
743 2216 964 2301 ἀπεδέδεικτο,
987 2214 1065 2283 καθ’
1084 2217 1124 2283 δν

59 2346 86 2386 ιο
103 2326 221 2410 καιρὸν
247 2325 268 2409 ῆ
297 2325 436 2411 δευτέρα
463 2325 624 2410 διαίρεσις
651 2323 795 2409 ἐμενῆθη
822 2335 890 2390 τῶν
917 2335 1124 2410 σατραπειῶν

104 2429 141 2497 ἐν
169 2433 427 2520 Τριπαραδείσῳ.
474 2434 507 2498 οί
534 2432 572 2498 δὲ
599 2432 675 2517 περὶ
697 2431 868 2498 Σέλευκον
889 2442 959 2508 τοῖς
981 2431 1043 2514 μὲν
1065 2434 1124 2514 βα-

104 2543 254 2604 σιλεῦσιν
270 2535 400 2624 ἔφασαν
416 2539 602 2623 βούλεσθαι
618 2538 821 2624 παρέχεσθαι
839 2539 961 2623 χρείας,
979 2540 1125 2622 Εὐμενεῖ

103 2644 272 2729 μέντοιγε
291 2641 455 2730 μηδέποθ’
473 2645 654 2729 ὑπομενεῖν
672 2655 851 2722 ποιοῦντας
868 2647 906 2710 τὸ
925 2648 1124 2730 προσταττό-

104 2774 217 2835 μενον,
245 2747 285 2816 οὗ
309 2753 505 2829 Μακεδόνες
533 2755 757 2829 συνελθόντες
783 2751 995 2837 κατέγνωσαν
1018 2753 1124 2819 θάνα-

59 2881 85 2920 ει
103 2882 171 2925 τον.
218 2860 325 2924 πολλὰ
355 2859 393 2924 δέ
421 2860 505 2944 πρὸς
534 2860 659 2943 ταύτην
685 2861 747 2943 τῆν
773 2860 969 2944 προαίρεσιν
997 2859 1124 2942 διαλεχ-

103 2965 222 3043 θέντες
259 2963 509 3048 συνεξέπεμψαν
545 2965 622 3050 παρ’
654 2964 764 3031 αὑτῶν
800 2967 1008 3050 πρεσβευτὴν
1041 2967 1124 3050 πρὸς

175 3159 193 3214 3
212 3159 339 3222 ἅπαντας
362 3176 416 3214 om.
435 3159 465 3213 F.
512 3157 542 3213 ἐν
560 3159 669 3221 τούτοις
688 3158 719 3213 δὲ
738 3159 787 3213 καί
805 3158 943 3220 τοιούτοις
960 3157 1124 3227 παρανομή-

103 3247 188 3301 μασιν
215 3230 248 3285 Χ.
328 3231 342 3286 7
371 3231 408 3294 ὡς
434 3231 464 3284 F.
546 3230 563 3284 9
590 3229 771 3297 προστάττειν
798 3230 833 3297 F3
866 3238 1031 3298 προστατεῖν
1059 3229 1077 3282 f.
1101 3247 1123 3282 r.

105 3303 150 3372 (cf.
169 3301 234 3356 XIX
253 3308 296 3370 14,
311 3304 346 3370 ὁ).
410 3301 446 3357 10
464 3300 525 3371 ἔσχε
543 3302 573 3354 F.
638 3300 674 3356 14
685 3298 828 3370 Ἀντιγένη
846 3300 877 3353 F.
939 3300 973 3354 15
993 3299 1028 3354 cf.
1046 3298 1125 3364 XVII

105 3379 201 3441 110‚3.
245 3373 280 3428 16
298 3371 437 3429 Πείθωνα
450 3373 480 3426 F.
527 3371 560 3428 17
580 3370 638 3442 μετ’
656 3373 748 3428 αὐτῶν
767 3373 799 3425 R.
844 3372 879 3426 19
897 3369 1132 3425 άποδέδεικτοῑὲ.

103 3445 140 3501 20
158 3453 308 3514 σατραπῶν
325 3444 358 3498 X.
397 3445 431 3499 cf.
449 3443 542 3499 XVIII
560 3449 604 3514 89,
618 3451 645 3501 θ.
715 3443 757 3500 <II
779 3440 1019 3511 υπομὲυειυῖἳ,
1054 3441 1152 3484 ποιῶν

102 3515 211 3571 Reiske.
284 3516 322 3571 26
339 3513 427 3574 αύτδν
445 3516 478 3574 F.
