2460 3848
434 211 476 266 οι
488 216 548 279 ιιι,
560 216 587 266 1:
608 217 659 266 ωε
674 210 773 267 μου.
1050 215 1113 280 149

96 355 290 442 ἑωρακότων
322 357 359 421 τὸ
393 354 618 442 στρατόπεδον
649 368 846 444 παραχρῆμα
877 357 1114 444 ἠθροίσθησαν

94 464 149 529 καί
171 465 233 549 την
256 466 445 549 πανήγυριν
468 463 687 541 ἀπολιπόντες
708 460 791 548 ἧκον
814 462 868 530 ἐπὶ
893 465 954 549 την
977 464 1113 550 πέτραν

94 572 184 653 παρὰ
207 569 245 635 δὲ
266 581 334 636 τῶν
357 581 567 655 τραυματιῶν
589 573 755 654 μαθόντες
782 573 823 636 τά
849 573 1010 655 γεγονότα
1033 574 1115 638 κατά

95 677 248 761 σπουδην
279 675 419 743 ἐδίωκον
450 679 529 755 τούς
552 674 724 762 Ἕλληνας.
779 688 847 743 τῶν
878 678 917 743 δέ
947 678 1024 764 περὶ
1054 679 1149 744 τὸνσ

63 782 272 868 τἈθηναιον
303 784 658 869 στρατοπεδευσάντων
689 787 1029 870 καταπεφρονηκότως
1059 785 1115 850 καὶ

94 891 150 956 διά
181 891 242 956 τὸν
273 892 379 956 κόπον
411 889 448 956 ἐν
479 890 575 979 ὐπνφ
608 891 828 957 καθεστώτων
861 888 991 958 ἐλαθόν
1027 914 1114 969 τινες

93 1008 162 1062 τῶν
182 993 407 1082 ἀἰχμαλώτων
436 997 646 1084 διαδράντες,
678 999 758 1085 παρ’
784 992 832 1064 ὧν
864 1000 897 1064 οἱ
925 1002 1114 1082 Ναβαταῖοι

94 1105 260 1186 μαθόντες
286 1105 328 1168 τά
354 1105 437 1169 κατά
463 1106 542 1181 τοὺς
568 1107 747 1188 πολεμίους
769 1104 930 1171 ἐπέθεντο
953 1115 993 1191 τῇ
1018 1121 1114 1187 στρα-

94 1211 249 1298 τοπεδεία
284 1210 360 1296 περί
396 1212 511 1295 τρίτην
548 1215 713 1296 φυλακην,
757 1213 850 1289 όντες
886 1212 948 1278 οὐκ
987 1211 1113 1278 ἐλάσσω

50 1337 77 1378 ιο
95 1316 353 1402 ὀκτακισχιλίων.
399 1317 454 1382 καί
481 1320 559 1395 τούς
586 1321 722 1396 πλείους
748 1318 810 1402 μέν
832 1317 870 1384 ἐν
892 1328 964 1395 ταῖς
990 1321 1115 1399 κοίταις

94 1424 194 1500 όντας
216 1420 264 1489 ἔτι
286 1421 505 1509 κατέσφαξαν,
528 1427 607 1501 τοὺς
629 1425 667 1491 δέ
690 1424 957 1510 διεγειρομένους
978 1425 1035 1490 καί
1052 1450 1114 1510 χω-

95 1539 237 1617 ροῦντας
251 1533 303 1608 ἐίς
321 1531 407 1596 ὅπλα
425 1533 670 1616 κατηκόντιζον·
694 1532 750 1598 καὶ
768 1529 870 1617 πέρας
889 1532 922 1597 ολ
939 1531 1001 1614 μὲν
1024 1532 1114 1611 πεζοί

92 1638 214 1714 πάντες
246 1637 471 1728 ἀνηρέθησαν,
502 1648 570 1703 τῶν
602 1639 640 1704 δὲ
674 1637 800 1704 ἱππέων
827 1639 1039 1723 διεσώθησαν
1067 1641 1114 1717 είς

94 1747 299 1828 πεντήκοντα
320 1744 377 1810 καλ
399 1744 528 1810 τούτων
551 1746 583 1810 ολ
607 1747 742 1822 πλείους
764 1748 970 1831 τραυματίαι.

48 1871 75 1912 ιι
155 1844 210 1916 'Ol
232 1850 294 1933 μὲν
312 1845 376 1916 οὐν
393 1851 470 1937 περὶ
492 1852 552 1916 τὸν
571 1848 753 1936 Ἀθήναιον
775 1849 813 1917 ἐν
836 1852 920 1939 ἀρχῇ
942 1853 1148 1934 κατορθόνο

94 1975 211 2034 σαντες
240 1955 274 2035 ἐξ
301 1956 443 2043 ὑστέρου
472 1958 528 2024 διά
554 1959 617 2043 την
644 1956 772 2025 ἑαυτῶν
800 1958 963 2041 ἀβουλίαν
993 1969 1114 2025 τοῦτον

93 2065 153 2129 τὸν
175 2066 301 2151 τρόπον
324 2062 529 2150 ἐσφάλησαν·
554 2074 625 2142 ταῖς
647 2067 711 2151 γάρ
735 2065 903 2150 εὐτυχίαις
925 2064 1047 2131 εἴωθεν
1070 2065 1115 2143 ὡς

93 2169 215 2237 ἐπίπαν
239 2170 441 2237 ἀκολουθεῖν
465 2172 615 2258 ῥφθυμία
632 2172 689 2238 καί
706 2174 960 2258 καταφρόνησις.
997 2173 1113 2258 διόπερ
1133 2190 1148 2239 ‘1

94 2273 178 2343 ἔνιοι
205 2280 440 2363 προσηκόντως
466 2278 763 2362 ὑπολαμβάνουσιν
790 2277 1024 2365 εὐχερέστερον
1051 2279 1113 2344 ὐπ-

48 2407 76 2448 εο
93 2384 208 2470 άρχειν
231 2386 405 2471 συμφοράς
428 2384 576 2470 ἐνεγκεῖν
599 2384 768 2464 ἐπιδεξίως
794 2385 814 2470 ἢ
842 2387 900 2463 τάς
923 2385 1114 2469 εὐμεγέθεις

94 2491 268 2578 εὐημερίας
297 2490 485 2578 ἐμφρόνως·
517 2493 552 2558 αλ
583 2493 644 2575 μὲν
674 2495 738 2581 γάρ
771 2494 827 2558 διά
858 2493 918 2558 τὸν
948 2492 1024 2578 περὶ
1053 2502 1112 2560 τοῦ

93 2597 271 2680 μέλλοντος
299 2600 409 2684 φόβον
431 2596 716 2683 ἐπαναγκάζουσιν
743 2598 986 2684 ἐπιμελεῖσθαι,
1014 2601 1049 2665 αλ
1075 2600 1113 2666 δέ

93 2705 204 2770 διὰτὸ
224 2705 428 2791 προγεγονὸς
446 2705 612 2791 εὐτύχημα
630 2706 871 2791 προτρέπονται
889 2718 1113 2793 καταφρονεῖν

93 2813 236 2878 πάντων.

47 2940 74 2982 ει
168 2920 210 2984 Ol
236 2919 274 2985 δέ
300 2922 489 3002 Ναβαταῖοι
518 2921 597 2996 τοὺς
623 2921 802 3002 πολεμίους
828 2920 1028 2997 κολάσαντες
1054 2918 1112 2984 άν-
1122 2920 1165 2985 96

93 3027 231 3112 δρωδῶς
267 3026 363 3092 αὐτοί
398 3026 459 3108 μὲν
498 3024 691 3110 ἐπανῆλθον
728 3027 775 3104 είς
811 3028 872 3111 τὴν
908 3026 1032 3112 πέτραν
1072 3028 1113 3091 τά

94 3133 237 3220 σφέτερα
268 3133 512 3218 κεκομισμένοι,
543 3134 626 3219 πρὸς
658 3128 689 3198 δ’
712 3132 904 3218 Ἀντηιονον
936 3132 1113 3218 ἐπιστολην
1215 3141 1216 3144 ’

164 3363 182 3417 5
208 3359 483 3430 στρατοπεδευόντων
505 3363 535 3416 F.
611 3363 817 3435 7Ναβαταῖοι]
843 3361 963 3431 νομάδες
985 3362 1015 3428 F,
1042 3379 1113 3417 corr„

94 3441 170 3488 θυι.
242 3433 410 3497 θέλάσσους
427 3435 457 3488 F.
531 3433 566 3488 18
585 3431 713 3505 βαθνμία
731 3454 761 3489 τε
778 3435 832 3488 καὶ
848 3434 932 3487 πθ.
998 3432 1047 3481 ‘22
1063 3445 1133 3477 σου·

93 3504 300 3576 αναγκάζουσιν
326 3506 356 3560 F.
422 3502 607 3578 ἐπιμελέσθαι
633 3505 726 3562 Dim.
811 3504 856 3559 Ὦ»
883 3492 1098 3565 mmmm&
1113 3489 1161 3534 ἳ-

88 3577 126 3630 25
140 3576 317 3649 Ναβαταῖοι]
335 3577 459 3650 νομάδες
478 3581 513 3651 F,
532 3599 608 3643 οοεε,
627 3587 658 3638 2.
671 3599 714 3637 m.
775 3577 808 3633 οὶ
825 3575 901 3633 τούς
917 3588 955 3624 π.
968 3561 1053 3616 οἳ·
