2460 3848
214 450 584 535 ARGUMENTA
608 449 956 538 LIBRORUMJ)

76 681 123 728 cap
492 592 572 658 LIB.
595 592 681 657 XIX.

95 758 118 804 1.
146 749 188 805 De
207 750 299 804 causis
317 766 468 820 oppressae
487 750 627 806 libertatis
647 755 676 806 et
693 752 821 805 invectae
839 752 998 821 tyrannidis
1016 769 1097 823 prae-

181 829 258 884 fatus
280 829 420 885 Diodorus
447 831 597 886 transitum
621 834 706 901 parat
730 831 766 885 ad
789 832 954 901 Agathoclis
977 832 1097 902 Syracu-

182 926 277 965 sarum
295 911 411 980 tyranni
428 911 576 967 historiam
594 911 639 966 vel
657 913 779 966 maxime
801 912 855 966 hcc
872 911 945 968 libro
965 929 1095 968 enarran-

182 990 255 1044 dam.
293 990 424 1045 Adicitur
442 991 640 1062 chrcnologica
659 993 740 1047 ratic.

414 1116 456 1171 01.
472 1122 640 1183 narrari
655 1132 680 1172 a.
697 1116 759 1171 chr.

91 1221 115 1269 2.
144 1214 310 1284 Agathoclis
329 1213 439 1268 natales
458 1215 622 1283 portentosi.
664 1214 792 1270 Thermis
810 1216 840 1269 in
860 1215 957 1270 Sicilia
975 1219 1059 1271 natus
1078 1233 1096 1270 a

180 1295 262 1363 patre
280 1293 397 1349 Carcine
422 1294 457 1350 ob
481 1296 619 1350 somnium
641 1296 790 1365 exponitur
812 1297 950 1365 patreque
970 1296 1059 1351 inscio
1078 1313 1096 1350 a

179 1377 270 1429 matre
292 1375 324 1428 in
347 1375 429 1430 domo
452 1374 548 1429 fratris
571 1375 731 1431 Heraclidis
753 1378 887 1431 servatur.
926 1375 1094 1446 septennem

180 1455 281 1525 recipit
301 1456 384 1523 pater
407 1456 436 1509 et
459 1454 604 1524 Syracusis
628 1456 775 1526 figulinam
798 1457 888 1511 docet.
930 1457 1095 1511 Portentum

179 1553 281 1590 novum
300 1551 364 1589 eum
383 1535 523 1605 insignem
541 1534 619 1590 facit.

91 1621 114 1669 3.
143 1616 249 1670 Damas
274 1614 377 1669 nobilis
406 1615 598 1685 Syracusanus
623 1617 731 1687 primns
754 1616 941 1687 Agathoclem
968 1615 1038 1671 fovit
1066 1620 1095 1671 et

72 1723 73 1726 =
179 1696 216 1749 ad
235 1695 404 1766 dignitatem
423 1695 575 1750 militarem
595 1696 694 1752 evexit.
735 1696 882 1751 Militabat
900 1697 1002 1750 deinde
1020 1697 1095 1752 inter

179 1775 417 1845 Syracusanorum
432 1776 546 1843 auxilia,
561 1776 732 1832 crotoniatis
747 1779 845 1831 contra
859 1777 985 1831 Bruttios
998 1777 1092 1831 missa.

178 1856 331 1927 Agathocli
342 1856 455 1911 virtutis
469 1857 596 1926 praemia
609 1859 713 1927 pugnis
727 1860 810 1926 parta
824 1857 932 1912 invidet
942 1857 1093 1911 Sostratus.

89 1944 113 1990 4.
143 1936 184 1991 Eo
203 1935 324 1992 offensus
338 1936 509 2006 Agathocles
529 1937 564 1990 ad
583 1940 695 2006 tempus
713 1939 808 2006 patria
827 1936 959 1992 abstinet.
991 1938 1094 1992 Postea

179 2017 305 2071 Sostrato
329 2017 359 2070 in
382 2015 497 2071 exilium
520 2018 605 2072 misso
626 2034 752 2072 reversas
770 2019 801 2071 in
818 2018 941 2087 patriam
961 2016 1044 2072 rebus
1063 2017 1093 2071 in

177 2096 252 2151 bello
272 2098 384 2151 strenue
402 2098 490 2167 gestis
508 2114 642 2168 magnam
661 2100 826 2153 consecutus
846 2099 888 2152 est
906 2098 1021 2152 famam.

89 2184 112 2231 5.
143 2176 185 2232 Ob
214 2175 365 2231 affectatae
392 2177 552 2246 tyrannidis
582 2179 769 2248 suspicionem
797 2180 826 2232 et
853 2179 962 2232 instans
994 2178 1093 2232 mortis

176 2257 334 2326 periculum
366 2257 536 2328 Agathocles
570 2259 682 2329 aufugit
718 2261 747 2313 et
778 2259 905 2328 privatus
939 2257 1092 2313 exercitum

177 2338 266 2408 cogit;
299 2355 364 2393 mox
395 2339 531 2393 invitatus
558 2339 588 2393 in
617 2339 741 2408 patriam
773 2338 848 2393 redit
879 2340 908 2393 et
939 2337 1093 2408 imperator

176 2418 311 2488 pacisque
331 2420 426 2473 custos
446 2419 635 2474 constituitur.

87 2505 111 2552 6.
140 2496 312 2568 Agathocles
340 2499 465 2553 exercitu
491 2499 599 2568 potitus
627 2502 712 2554 ancta
737 2500 861 2554 factione
886 2515 1008 2568 ususque
1035 2498 1092 2551 alia

175 2576 328 2647 multiplici
347 2580 559 2648 opportunitate
577 2581 669 2650 primo
688 2583 818 2634 senatum
838 2584 889 2633 600
905 2581 1027 2634 virorum
1041 2595 1092 2646 per

175 2657 295 2712 insidias
320 2657 483 2727 obtruncat,
509 2660 611 2715 deinde
636 2661 717 2716 bonis
743 2677 839 2716 eorum
866 2659 990 2729 praedae
1017 2659 1091 2712 datis

176 2737 342 2793 vilissimum
361 2754 501 2808 quemque
520 2740 574 2795 sibi
594 2742 715 2795 amicum
734 2741 812 2796 facit.

87 2825 110 2873 7.
139 2817 311 2889 Agathocles
330 2817 464 2872 caedibus
483 2820 581 2876 urbem
600 2821 708 2891 implet.

86 2906 110 2953 8.
140 2898 1089 2970 9.Agathoclesviatqucdolocivitatisprincipatumsoluscbtinet.

69 2985 110 3033 10.
138 2980 260 3035 Romani
292 2998 356 3035 cum
389 2980 563 3036 Samnitibus
598 2981 703 3036 bellum
735 2980 885 3052 gerebant;
923 2981 953 3033 in
984 2978 1089 3048 Apulia

175 3059 286 3114 Daunia
306 3064 432 3128 vastata;
456 3061 590 3116 Canusini
609 3063 638 3116 in
657 3062 793 3117 ditionem
811 3063 960 3127 venerunt3
983 3061 1089 3114 Romae

175 3140 291 3195 additae
310 3142 384 3196 duae
402 3141 506 3210 tribus,
525 3142 656 3197 Falerina
675 3144 704 3197 et
723 3142 865 3196 Ufentina.

211 3219 437 3277 crotoniatarum
460 3225 489 3277 et
507 3223 681 3277 Bruttiorum
701 3222 815 3278 bellum.
854 3221 913 3286 Quo
934 3219 1088 3289 composito

175 3300 355 3358 Crotoniatae
373 3304 515 3358 intestinis
535 3303 682 3358 discordiis
702 3305 856 3374 agitantur.

132 3445 163 3512 4)
179 3444 331 3514 ΕΡῙΰΘΜθΠ
345 3447 536 3520 Βῑρουῒὶηαπι
550 3450 600 3522 (cl
605 3449 710 3537 Vogel
718 3449 738 3504 l
747 3468 783 3520 p
787 3443 915 3511 amq
927 3424 1144 3501 alienasset

57 3514 172 3584 correxi,
195 3533 263 3573 usus
282 3522 402 3594 saepius
424 3524 555 3601 Eyringi
572 3524 743 3584 brevians

974 3607 1011 3658 ς
