2460 3848
432 181 474 238 01.
485 187 546 249 ιω,
557 187 585 236 a:
605 186 658 236 ιιι
672 197 697 236 ι.
709 179 771 236 chr.
1047 184 1110 250 109

92 330 222 412 δοῦναι,
240 337 297 412 τῆς
316 324 347 392 δ’
359 327 540 412 ἀσφαλείας
556 328 718 412 τυχόντας
733 325 856 403 αὐτοὺς
872 322 1111 410 ἀπαλλαγῆναι,

93 431 186 502 οὗτοι
212 435 274 518 μὲν
300 436 513 513 πιστεύοντες
539 444 610 512 ταις
638 433 799 511 σπονδαῖς
827 433 985 523 ἀπηεσαν,
1015 434 1048 498 ολ
1077 432 1107 497 δ’

94 543 239 609 Αἰτωλοί
261 541 469 627 παραβάντες
492 543 550 618 τάς
573 544 746 625 συνθήκας
772 540 827 605 καί
854 538 1112 618 καταδιώξαντες

93 652 172 726 τοὺς
195 648 296 715 οὐδέν
319 647 510 728 ἐλπίζοντας
533 642 710 713 πείσεσθαι
737 647 851 713 δεινὸν
877 649 965 731 πλην
988 647 1112 731 ὀλίγων

62 756 219 832 ιπάντας
246 752 449 838 ἀπέσφαξαν.
500 753 518 819 ὁ
549 754 587 819 δέ
614 753 813 839 Κάσανδρος
845 757 1145 839 παρανενόμενοςκ

92 864 140 940 εἰς
169 862 397 947 Μακεδονίαν,
428 863 484 927 καὶ
512 863 705 943 πυθόμενος
736 865 954 943 πολεμεῖσθαι
985 863 1044 938 τὰς
1074 860 1112 927 ἐν

94 971 206 1055 Καρίηι
232 971 345 1046 πόλεις
372 970 448 1034 ὅσαι
475 967 686 1052 συνεμάχουν
707 977 778 1045 τοῖς
802 968 878 1052 περί
901 973 1112 1051 Πτολεμαῖον

92 1076 148 1141 καὶ
170 1074 350 1158 Σέλευκον,
372 1073 531 1159 ἐξέπεμψε
555 1075 699 1158 δύναμιν
722 1076 770 1152 είς
792 1075 853 1158 την
876 1077 1018 1160 Καρίαν,
1046 1076 1112 1158 ἅμα

93 1183 155 1265 μὲν
173 1184 377 1265 βουλόμενος
395 1185 538 1266 βοηθελν
556 1193 625 1260 τοῖς
643 1182 839 1266 συμμάχοις,
863 1182 928 1263 ἅμα
951 1182 990 1247 δέ
1012 1183 1112 1248 σπεύ-

48 1312 75 1351 ιο
93 1289 163 1354 δων
195 1290 243 1366 είς
274 1293 523 1374 περισπασμοὺς
554 1288 710 1372 ἐμβαλεῖν
738 1286 941 1372 Ἀντίγονον,
979 1290 1034 1355 ἵνα
1067 1292 1110 1374 μη

94 1398 217 1480 σχολην
244 1392 301 1485 έχη
329 1397 515 1478 διαβαίνειν
543 1398 590 1474 είς
617 1397 678 1480 τὴν
701 1396 878 1483 Εὐρώπην.
924 1393 1047 1481 ἔγραψε
1075 1397 1145 1464 δὲε

93 1503 149 1568 καί
175 1504 259 1586 πρὸς
281 1508 476 1589 Δημήτριον
499 1505 559 1569 τὸν
585 1503 739 1589 Φαληρέα
765 1504 821 1569 καί
843 1503 1030 1569 Διονύσιον
1052 1505 1112 1568 τὸν

94 1617 309 1694 φρουροῦντα
337 1611 397 1694 τὴν
420 1612 634 1695 Μουνυχίαν,
661 1610 874 1696 προστάττων
898 1610 1002 1675 είκοσι
1029 1620 1112 1688 ναῦς

94 1717 141 1793 είς
163 1719 302 1800 Λῆμνον
324 1714 495 1799 ἐκπέμψαι.
537 1716 803 1783 ἀποστειλάντων
826 1715 856 1782 δ’
873 1718 983 1784 αὐτῶν
1006 1717 1112 1796 εὐθύς

50 1843 76 1883 ιι
93 1824 134 1887 τὰ
162 1822 271 1908 σκάφη
298 1823 354 1888 καί
381 1825 552 1909 ναύαρχον
580 1821 631 1889 ἐπ’
649 1824 760 1889 αὐτῶν
780 1821 986 1909 Ἀριστοτέλη
1015 1819 1112 1903 οὗτος

92 1929 153 2011 μὲν
174 1929 402 2007 καταπλεύσας
425 1932 473 2007 είς
495 1935 634 2015 Λῆμνον
657 1931 712 1995 καλ
734 1930 1025 2013 μεταπεμψάμενος
1048 1931 1111 1997 Σέ-

93 2042 213 2101 λευκον
231 2039 312 2119 μετὰ
335 2039 455 2102 στόλου
479 2040 558 2115 τοὺς
575 2040 747 2122 Λημνίους
770 2033 905 2103 ἔπειθεν
928 2037 1111 2123 ἀποστῆναι

91 2154 159 2208 τῶν
191 2143 267 2225 περὶ
291 2139 497 2228 Ἀντίγονον·
530 2144 570 2210 ού
602 2147 835 2230 προσεχόντων
862 2140 893 2208 δ’
912 2142 1023 2209 αὐτῶν
1049 2148 1110 2229 την

92 2272 128 2314 τε
156 2249 268 2334 χώραν
298 2247 423 2341 ἐδῄωσε
453 2252 508 2317 καί
538 2252 600 2335 τὴν
623 2253 722 2316 πόλιν
745 2250 1013 2336 περιχαρακώσας
1035 2249 1111 2316 ἐπο-

47 2377 75 2416 οο
94 2357 225 2441 λιόρκει.
269 2358 349 2440 μετὰ
375 2357 413 2423 δέ
434 2366 538 2422 ταῦτα
563 2357 729 2434 Σέλευκος
751 2357 812 2440 μὲν
835 2356 1041 2423 ἀπέπλευσεν
1063 2359 1146 2435 είς4

93 2466 185 2546 Κῶν,
208 2454 464 2547 Διοσκουρίδης
477 2464 515 2529 δέ
537 2465 756 2542 κατασταθείς
779 2466 944 2549 ναύαρχος
966 2460 1023 2529 ὑπ’
1040 2461 1111 2530 Ἀν-

92 2571 245 2653 τιχόνου,
267 2572 461 2653 πυθόμενος
482 2573 543 2637 τὸν
565 2576 674 2637 πλοῦν
692 2571 877 2654 Σελεύκου,
899 2580 1041 2657 κατῆρεν
1064 2573 1111 2649 είς

92 2680 231 2759 Λῆμνον
267 2676 323 2740 καί
358 2678 418 2741 τὸν
453 2676 515 2759 μέν
548 2677 755 2763 Ἀριστοτέλη
792 2675 945 2760 ἐξέβαλεν
982 2677 1018 2744 ἐκ
1053 2689 1112 2763 της

93 2785 213 2866 νη’σου,
249 2793 317 2848 τῶν
351 2782 389 2847 δέ
420 2794 508 2849 νεῶν
539 2785 597 2860 τάς
629 2786 764 2861 πλείους
796 2785 1003 2870 αὐτάνδρους
1035 2777 1110 2850 εἷλε.

47 2908 73 2949 ει
92 2888 291 2974 Κάσανδρος
314 2888 352 2954 δέ
374 2889 430 2954 καί
448 2890 643 2975 Πρεπέλαος
666 2891 858 2976 ἀφηγοῦντο
881 2892 942 2974 μὲν
964 2902 1022 2976 της
1044 2891 1110 2956 ὑπὸ
1129 2908 1145 2956 5

92 2995 296 3081 Κασάνδρου
332 2998 544 3082 πεμφθείσης
580 2997 752 3080 δυνάμεως
788 2999 836 3074 είς
872 3001 931 3083 την
968 3000 1110 3083 Καρίαν,

162 3184 283 3243 θούτοι
307 3189 357 3258 μὲν
383 3185 434 3244 οῦν
457 3187 515 3242 RX.
571 3188 779 3258 ἐμπιστεύοντες
803 3191 832 3245 F.
888 3191 1000 3262 ἀπῇσαν
1026 3189 1108 3245 Dind.

92 3259 110 3314 4
128 3259 270 3315 π’σεσθαι
287 3260 317 3314 F.
390 3260 408 3315 ὅ
428 3260 556 3322 ἅπαντας
574 3261 604 3316 F.
677 3260 695 3315 8
713 3258 864 3333 Σέλευκον]
883 3261 1069 3330 Κάσσανδρον
1088 3262 1109 3315 F

92 3330 137 3398 (cf.
240 3337 282 3399 75,
297 3334 331 3399 2).
386 3332 422 3387 15
439 3328 605 3401 Ἀριστοτέλη
625 3333 705 3387 codd.
755 3333 790 3389 17
804 3333 872 3403 μετὰ
886 3333 979 3405 <τοῦ>
995 3331 1109 3388 στόλουῖ

92 3401 410 3469 Dind.;0f.XIX‘17‚5.
439 3401 641 3465 ούτοςτοῦςΡ.
682 3403 781 3460 21Κῦ
795 3405 828 3458 Κ.
866 3401 1126 3476 waffimg

91 3472 349 3543 Hert1.111p.34.
427 3474 463 3531 28
480 3472 669 3547 Ἀριστοτέλην
684 3474 724 3531 Κ.
797 3476 840 3532 θῑ)
857 3463 1159 3533 mmmmm

87 3541 235 3612 Ἄσανδρος
255 3544 355 3614 Νυσας
375 3545 411 3603 cf.
433 3546 498 3604 XIX
519 3556 564 3622 5⁷,
581 3558 606 3608 1.
