2460 3848
107 155 151 221 24
469 152 582 208 Diodor.
592 151 656 206 XIX
670 158 766 207 1213.

104 294 295 383 Ἀντιγένην
312 299 367 363 καί
385 300 465 376 τοὺς
482 296 742 385 ἀργυράσπιδας,
760 295 930 376 ἀξιοῦντες
946 295 1130 383 ἀφιστάναι

72 423 88 472 ε
107 415 165 490 τῆς
185 406 364 490 ἡγεμονίας
385 405 529 490 Εὐμενῆ.
574 415 641 471 τῶν
664 405 702 471 δὲ
724 405 934 472 Μακεδόνων
956 405 998 471 οὐ
1025 422 1131 491 προσ·
1210 420 1213 427 “

107 515 253 598 εχόντων
284 522 353 589 τοῖς
385 514 497 596 λόγοις
528 512 683 596 Εὐμενὴς
713 509 889 591 ἐπαινέσας
920 512 1030 578 αὐτῶν
1065 515 1130 598 τῆν

106 621 302 705 προθυμίαν
338 616 488 697 ἀνέζευξε
524 620 604 701 μετά
640 628 698 703 τῆς
729 618 901 701 δυνάμεως
932 618 988 684 καί
1023 640 1130 704 παρα-

107 726 263 811 γενηθεὶς
291 725 345 792 ἐπὶ
371 726 432 791 τὸν
460 726 577 810 Τίγριν
604 727 753 810 ποταμὸν
776 723 1129 812 κατεστρατοπέδευσε,
1164 750 1177 790 ε

106 843 164 917 τῆς
201 835 404 915 Βαβυλῶνος
440 831 572 917 ἀπέχων
608 832 764 909 σταδίους
799 833 1018 917 τριακοσίους.
1072 833 1130 898 καί

107 941 273 1022 πρόθεσιν
295 939 357 1022 μέν
380 933 468 1025 εἶχεν
491 939 538 1015 είς
560 943 678 1004 Σοῦσα
700 945 871 1005 ποιεῖσθαι
893 940 955 1024 τῆν
977 941 1129 1024 πορείαν,

108 1046 346 1129 διανοούμενος
375 1048 433 1123 τὰς
462 1044 498 1112 ἐκ
530 1056 597 1111 τῶν
629 1046 697 1110 άνω
730 1056 938 1131 σατραπειῶν
970 1046 1130 1128 δυνάμεις

107 1152 377 1236 μεταπέμπεσθαι
404 1152 460 1218 καί
486 1161 556 1229 τοῖς
582 1155 767 1235 βασιλικοῖς
792 1158 979 1238 θησαυροῖς
1006 1155 1129 1238 χρῆσα-

72 1265 190 1325 4σθαι
217 1261 300 1344 πρὸς
327 1261 384 1337 τάς
411 1259 669 1343 κατεπειγούσας
694 1261 814 1344 χρείας.
863 1259 1062 1343 ῆναγκάζπο
1091 1259 1130 1325 δὲ
1149 1283 1176 1324 ιο

107 1368 167 1432 τὸν
189 1367 338 1449 ποταμὸν
357 1367 544 1448 διαβαίνειν
562 1366 618 1430 διά
640 1366 677 1430 τὸ
700 1367 762 1449 τῆν
779 1364 841 1448 μὲν
858 1368 998 1432 κατόπιν
1015 1367 1129 1452 χώραν

107 1469 430 1559 προνενομεῦσθαι,’
449 1474 511 1558 τῆν
547 1472 585 1537 δὲ
621 1471 727 1557 πέραν
763 1471 918 1558 ἀκέραιον
954 1467 1041 1538 είναι
1073 1473 1130 1538 καί

108 1581 258 1661 δαψιλεῖς
282 1580 452 1646 δύνασθαι
469 1578 674 1664 παρέχεσθαι
695 1581 823 1664 τροφάς
841 1591 888 1666 τῷ
907 1578 1129 1667 στρατοπέδῳ.

72 1704 88 1752 ε
108 1689 357 1771 συναγαγόντος
384 1675 447 1751 οὖν
470 1686 575 1752 αὐτοῦ
598 1691 698 1752 πλοῖα
719 1688 933 1771 πανταχόθεν
955 1687 1038 1772 πρὸς
1060 1686 1183 1771 τῆνεεῖ

108 1793 264 1876 διάβασιν
291 1793 323 1858 οἱ
351 1793 427 1879 περὶ
449 1793 619 1860 Σέλευκον
646 1793 701 1859 καί
728 1795 874 1859 Πίθωνα
900 1791 1129 1859 κατέπλευσαν
1150 1816 1175 1857 ιε

108 1900 186 1964 δυσί
209 1899 270 1982 μὲν
292 1903 454 1984 τριήρεσι,
477 1909 655 1977 κοντωτοῖς
673 1900 711 1965 δὲ
733 1902 895 1966 πλείοσιν·
929 1896 978 1965 ἔτι
999 1901 1063 1984 γάρ
1086 1901 1128 1965 τά

108 2006 218 2091 σκάφη
241 2015 344 2072 ταῦτα
366 2017 485 2093 περιῆν
503 2005 540 2073 έκ
562 2017 630 2072 τῶν
647 2002 704 2071 ὑπ’
719 2003 938 2092 Ἀλεξάνδρου
957 2027 1130 2091 ναυπηγη-

56 2112 97 2178 13
107 2112 239 2179 θέντων
257 2113 333 2199 περί
350 2118 544 2198 Βαβυλῶνα.
581 2122 684 2178 ταῦτα
702 2113 740 2178 δὲ
758 2116 1026 2199 προσαγαγόντες
1043 2098 1128 2199 πρὸς

107 2222 168 2305 τῆν
191 2217 328 2304 ἔκβασιν
345 2222 446 2287 πάλιν
465 2220 658 2305 ἐπεχείρουν
676 2223 755 2298 τοὺς
772 2220 972 2298 Μακεδόνας
993 2221 1130 2286 πείθειν

107 2326 291 2412 ἀποστῆσαι
309 2329 369 2393 τὸν
386 2329 522 2412 Εὐμενῆ
540 2338 599 2412 τῆς
617 2328 814 2412 στρατηγίας
831 2326 887 2392 καί
904 2330 948 2413 μῆ
967 2327 1130 2414 προάγειν
1149 2352 1177 2393 ee

106 2431 186 2499 καθ’
219 2433 329 2500 αὑτῶν
365 2434 473 2521 ἀνδρα
505 2433 602 2512 ξένον
633 2433 688 2499 καί
720 2435 896 2511 πλείστους
927 2435 1130 2513 Μακεδόνας

72 2538 303 2630 εάνηρηκότα.
347 2540 462 2606 οὐδενί
485 2540 523 2606 δὲ
545 2542 656 2628 τρόπω
679 2551 746 2607 τῶν
770 2541 847 2625 περί
873 2541 934 2606 τὸν
957 2536 1128 2626 Ἀντιγένη
1190 2623 1194 2629 ,

107 2645 319 2729 πειθομένων
351 2648 384 2712 οἱ
415 2648 491 2732 περὶ
523 2647 693 2713 Σέλευκον
724 2647 1014 2733 προσπλεύσαντες
1044 2652 1129 2733 πρός

106 2776 183 2819 τινα
215 2754 364 2838 διώρυγα
395 2755 539 2820 παλαιάν
570 2752 756 2839 ἀνέρρηξαν
786 2757 848 2840 τῆν
879 2753 985 2840 άρχῆν
1016 2754 1129 2841 αὐτῆς,

107 2859 173 2925 ὑπὸ
201 2869 261 2926 τοῦ
289 2863 413 2946 χρόνου
446 2860 730 2947 συγκεχωσμένην.
779 2863 1058 2946 περικλυσθείσης
1090 2864 1129 2930 δὲ
1149 2885 1177 2926 ει

107 2977 165 3052 τῆς
182 2979 250 3033 τῶν
268 2969 478 3033 Μακεδόνων
496 2969 749 3054 στρατοπεδείας
767 2968 822 3034 καί
840 2967 947 3058 πάντη
966 2978 1025 3034 τοῦ
1047 2985 1130 3035 συν-

179 3161 194 3214 1
214 3158 350 3230 Ἀντιγένη
369 3161 391 3214 F
415 3178 532 3230 semper.
605 3161 640 3216 12
662 3162 713 3232 τὴν
737 3160 765 3216 δ’
786 3158 883 3229 ἑτέραν
902 3161 931 3215 F.
1005 3162 1040 3216 15
1058 3161 1129 3218 Πεί-

107 3234 190 3286 θωνα
208 3232 230 3285 F
250 3249 366 3302 semper.
420 3233 455 3287 16
473 3233 523 3302 μὲν
542 3249 595 3287 om.
610 3233 641 3300 F,
660 3233 725 3289 add.
741 3239 765 3288 2.
781 3251 816 3287 m.
868 3232 955 3288 16.17
972 3233 1129 3289 ἔτι-ναυ-

106 3300 314 3429 πηγηθέντωνχ
331 3299 403 3373 ἦσαν
428 3304 460 3359 δὲ
485 3304 520 3358 τά
545 3304 639 3375 σκάφη
665 3314 754 3359 ταῦτα
778 3313 833 3358 τῶν
859 3302 927 3374 παρ’
948 3304 1129 3373 Ἀλεξάνδρου

106 3378 268 3444 ναυπηγηθ.
317 3418 322 3429 .
403 3375 437 3431 17
461 3377 571 3448 περιῆν]
597 3377 662 3444 περὶ
687 3384 739 3446 γῆν
764 3370 799 3444 ἦν
824 3375 914 3440 ΡΝΧς
940 3392 1009 3431 corr.
1030 3376 1127 3446 Steph.

36 3480 40 3487 -
96 3443 137 3497 21
152 3443 337 3502 Μακεδόνων
353 3446 387 3500 Β.
461 3446 497 3502 22
520 3447 550 3502 δὲ
574 3464 627 3502 om.
649 3447 683 3503 X.
725 3443 861 3516 Ἀντιγένη
880 3446 961 3502 RXF.
1029 3447 1066 3503 24
1084 3447 1129 3504 δι’·

20 3578 25 3587 ,
81 3509 187 3577 ὄνομα
200 3515 232 3569 Ε
308 3516 351 3572 23
368 3517 577 3589 ττρατοπεδίας
596 3520 627 3576 F.
