2460 3848
464 231 506 286 01.
519 237 578 300 118,
590 237 618 286 3:
638 237 690 286 εοο
705 247 730 285 a.
741 231 804 287 chr.
1079 224 1145 299 '283

125 379 201 464 τρία
223 378 285 459 μὲν
308 377 418 462 σκάφη
439 387 508 442 τῶν
524 387 726 463 τετρηρικῶν
744 377 885 443 καὶτῶν
904 384 1147 462 στρατιωτικῶν

126 486 254 570 πορίων
279 485 345 567 άμα
368 486 451 550 κατδι
473 486 510 550 τὸ
530 483 611 549 αὐτὸ
630 486 819 569 βιαιότερον
836 483 903 549 ῦπὸ
922 493 982 549 τοῦ
1003 485 1146 566 κύματος

126 590 181 657 ἐπλ
202 593 265 676 τὴν
287 601 351 676 γῖχν
376 589 562 676 ἐξεβράσθη
585 591 640 657 καί
663 590 831 676 τοῖςπερὶ
854 592 914 656 τὸν
937 594 1148 673 Πτολεμαῖον

125 699 300 784 ὑποχείρια
336 697 489 782 κατέστη,
527 699 561 764 αἱ
598 697 628 762 δ’
659 700 756 764 άλλαι
792 695 1040 780 ἐκβιασαμένων
1080 709 1147 764 τῶν

95 827 108 867 ι
126 805 354 890 πληρωμάτων
377 805 590 890 διεσώθησαν
612 806 696 890 πρὸς
718 807 780 889 την
797 803 990 887 Ἀντιγόνου
1012 821 1148 889 στρατο-

126 911 271 978 πεδείαν.
289 922 357 977 τῶν
371 912 409 977 δὲ
422 912 498 997 περὶ
512 914 572 978 τὸν
581 916 793 994 Πτολεμαῖον
806 913 1028 996 διειληφότων
1037 920 1148 978 πᾶσαν
1166 929 1181 976 3

125 1019 187 1102 τὴν
214 1019 291 1103 περί
317 1020 378 1084 τὸν
400 1021 549 1102 ποταμὸν
571 1017 711 1102 ἔκβασιν
732 1025 896 1104 φυλακαῖς
921 1021 1071 1104 ἰσχυραῖς
1093 1019 1148 1084 καὶ

125 1131 260 1191 πολλῶν
282 1125 344 1208 μὲν
365 1137 505 1210 σκαφῶν
521 1128 692 1209 ποταμίων
711 1126 799 1213 αὐτῷ
818 1125 1148 1211 παρεσκευασμένων,

125 1231 261 1297 πάντων
293 1232 332 1297 δὲ
362 1233 491 1299 τούτων
521 1231 666 1319 ἑχόντων
698 1232 778 1316 βέλη
810 1241 953 1298 παντοῖα
984 1232 1038 1298 καί
1070 1235 1149 1310 τοῦς

82 1362 108 1401 ιο
126 1324 353 1424 χρησομένους
376 1340 490 1416 αὐτοῖς
513 1341 638 1426 άνδρας
662 1340 694 1405 οί
716 1339 793 1424 περὶ
815 1340 875 1404 τὸν
894 1335 1090 1422 Ἀντίγονον
1107 1339 1147 1405 οῦ

126 1447 265 1531 μετρίως
292 1446 495 1531 ἠποροῦντο·
522 1447 542 1530 η
571 1448 635 1532 γάρ
661 1447 799 1530 ναυτικὴ
823 1444 965 1527 δύναμις
987 1446 1183 1530 άχρηστος4

125 1549 169 1637 ἦν
193 1553 306 1630 αὐτοῖς
330 1552 656 1638 προκατειλημμένου
678 1560 739 1618 τοῦ
763 1556 1001 1636 Πηλουσιακοῦ
1030 1553 1149 1636 στόμα-

126 1684 182 1737 τος
211 1659 278 1725 ῦπὸ
308 1670 376 1725 τῶν
405 1661 583 1744 πολεμίων,
613 1662 650 1725 τό
680 1683 715 1725 τε
746 1662 845 1738 πεζὸν
873 1659 1059 1745 στράτευμα
1087 1659 1149 1742 την

127 1766 235 1852 ὁρμην
253 1768 423 1851 ἄπρακτον
442 1761 508 1852 εἶχε
526 1777 575 1862 τῶ
590 1767 726 1851 μεγέθει
749 1776 809 1832 τοῦ
832 1775 982 1850 ποταμοῦ
1006 1767 1148 1851 διειργό-

83 1894 109 1934 ιι
127 1896 240 1957 μενον,
268 1875 305 1939 τὸ
334 1873 372 1939 δὲ
399 1874 566 1958 μέγιστον,
592 1875 726 1959 ἡμερῶν
747 1875 811 1957 ἤδη
841 1883 975 1959 συχνῶν
998 1875 1149 1957 διεληλυ-

128 1987 241 2046 θυιῶν
262 1970 457 2046 ὑπολείπειν
479 1983 543 2065 ἤδη
568 1980 745 2064 συνέβαινε
767 1983 828 2046 τόν
850 2003 885 2045 τε
909 1990 1004 2045 σῖτον
1026 1979 1082 2044 καλ
1108 1981 1149 2044 τὰ

127 2087 337 2172 χορτάσματα
358 2099 429 2166 τοῖς
451 2093 594 2173 κτήνεσι.
631 2090 687 2154 διὰ
710 2090 751 2174 δὴ
775 2096 879 2153 ταῦτα
901 2097 958 2172 τῆς
978 2087 1183 2169 δυνάμεωςσ

128 2194 325 2277 ἀθυμούσης
348 2195 551 2279 παραλαβὼν
569 2194 630 2261 *τὸ
655 2195 880 2280 στρατόπεδον
898 2193 953 2258 καί
976 2195 1055 2270 τοὺς
1074 2193 1149 2276 ἡγε-

128 2302 232 2383 μόνας
251 2298 442 2385 Ἀντίγονος
468 2301 637 2387 προέθηκε
664 2303 793 2386 βουλὴν
819 2302 962 2386 πότερον
987 2300 1150 2385 συμφέρει

83 2429 110 2469 ω
128 2407 241 2490 μένειν
263 2409 319 2473 καὶ
342 2408 566 2492 διαπολεμεῖν,
588 2407 609 2492 ἢ
633 2417 698 2473 νῦν
716 2408 778 2491 μὲν
796 2405 996 2472 ἐπανελθεῖν
1015 2408 1062 2483 είς
1080 2411 1149 2472 Συ-

130 2517 216 2600 ρίαν,
250 2514 393 2600 ῦστερον
425 2514 464 2579 δὲ
494 2515 632 2580 κάλλιον
663 2513 1021 2600 παρασκευασαμένους
1052 2529 1150 2599 στρα-

128 2630 243 2687 τεῦσαι
271 2624 352 2687 καθ’
375 2621 418 2686 ὃν
446 2620 489 2686 δν
518 2623 643 2706 χρόνον
670 2619 839 2706 ἐλάχιστος
867 2621 885 2687 ὁ
912 2625 1036 2698 Νεῖλος
1064 2614 1150 2685 εἶναι

129 2727 217 2819 δόξη.
260 2729 396 2793 πάντων
419 2728 457 2793 δὲ
479 2726 748 2812 κατενεχθέντων
770 2724 825 2792 ἐπὶ
847 2730 886 2793 τὸ
908 2731 970 2812 τὴν
993 2729 1150 2812 ταχίστην
1169 2743 1185 2791 6

200 2956 216 3011 1
244 2954 309 3024 τρία
335 2976 364 3010 τε
393 2955 487 3024 σκάφη
515 2964 571 3010 τῶν
596 2976 625 3010 τε
650 2963 800 3025 τριηρικῶν
825 2956 855 3010 F.
933 2955 950 3008 2
975 2952 1096 3022 πυρείων
1118 2954 1149 3008 Ρ.

129 3031 194 3099 post
215 3025 322 3096 πορίων
345 3027 364 3081 f.
385 3028 547 3082 addendum
567 3026 656 3081 πολλὰ
680 3028 764 3081 Dind.
820 3027 890 3098 ἅμα]
917 3026 986 3080 ἄλλα
1011 3028 1062 3079 aut
1086 3025 1151 3080 τινὰ

128 3101 232 3167 Rhod.;
259 3098 321 3153 ἔνια
348 3099 440 3153 Madv.
464 3099 477 3151 I
499 3118 526 3167 p.
545 3104 605 3153 516.
647 3098 693 3153 ἐπὶ
718 3108 768 3153 τοῦ
790 3120 816 3153 κ.
835 3099 865 3152 F.
945 3101 963 3151 3
986 3097 1027 3160 είς
1049 3105 1101 3166 γῆν
1119 3096 1149 3152 F.

129 3172 164 3226 10
183 3172 216 3226 οό
236 3188 289 3225 om.
304 3169 362 3224 ΗΧ.
435 3170 471 3224 15
494 3172 686 3239 διεληλυθυῶν
704 3169 755 3222 RX
778 3170 824 3239 (cf.
843 3169 976 3224 Croenerfi
998 3187 1034 3223 m.
1054 3167 1101 3224 Gr.
1114 3168 1149 3221 H.

128 3263 156 3312 p.
172 3245 281 3311 12sssq.)
301 3244 526 3310 διεληλυθουσῶν
546 3241 575 3296 F.
634 3242 670 3296 16
687 3243 835 3297 ὑπολιπεῖν
848 3239 910 3307 RX3
932 3242 962 3294 ειίι
981 3239 1151 3296 ο1.Ηο1ίιεοὶι

130 3313 223 3369 SGW.
243 3313 309 3367 XIII
326 3333 353 3383 p.
368 3318 500 3404 έθῖεηιχς
520 3310 671 3367 ἐπιλείπειν
689 3313 782 3367 Madv.
801 3313 815 3365 I
833 3331 860 3381 p.
875 3316 936 3366 516.
1002 3311 1037 3366 17
1055 3319 1104 3381 της
1121 3330 1150 3365 τε

130 3384 275 3455 δυνάμεως
288 3385 317 3439 F.
369 3384 405 3440 18
418 3385 468 3440 *vo
484 3381 671 3450 στρατόπεδον
685 3385 735 3439 καὶ
748 3384 813 3446 τοῦς
826 3379 976 3454 ἡγεμόνας]
989 3381 1022 3439 τὸ
1037 3379 1151 3450 στρατό-

129 3459 217 3512 πεδον
236 3459 410 3524 οοτιπφῖοιπς
430 3453 461 3511 τὸ
479 3451 662 3525 στρατηγικὸν
679 3457 709 3526 (i.
719 3473 745 3510 ο,
756 3457 825 3517 τοῦς
838 3449 1176 3520 στρατοηοῶιῂῶὼλ

125 3545 154 3595 p.
177 3534 243 3595 ὀ16,·
272 3544 324 3598 ego
353 3528 518 3600 scripserim
545 3526 622 3584 κατὰ
649 3524 684 3584 τὶι
714 3524 912 3595 στρατόπεδον
939 3521 1014 3576 τδυε
1037 3507 1200 3575 ἥψω·

118 3597 154 3651 21
173 3599 464 3673 παρεσκευασμένους
480 3603 515 3660 F.
589 3602 631 3659 Ὦ
650 3596 734 3659 εἶναι
753 3616 815 3652 om.
826 3596 869 3647 II.
