2460 3848
441 187 483 243 01.
494 193 594 255 11⁷‚42
614 192 666 242 ιοε
680 203 705 243 ε.
717 186 780 242 chr.
1053 191 1118 255 217

99 337 183 421 πρὸς
209 337 288 412 τοὺς
307 330 479 417 Ἓλληνας.
530 333 563 398 ολ
590 332 652 415 μὲν
679 327 743 398 οὖν
770 333 919 418 φυγάδες
946 333 1026 415 μετδ
1053 343 1155 398 τῶνε

100 449 227 509 λοιπῶν
253 439 424 525 Ἑλλήνων
455 440 686 526 Δεινοκράτην
717 441 903 524 στρατηγὸν
936 435 1122 524 ἀπέδειξαν,

100 551 133 616 οἱ
162 549 200 615 δὲ
230 550 458 635 Καρχηδόνιοι
487 556 557 624 τοίς
588 547 822 633 δευτερεύουσι
853 547 922 633 [τή]
952 547 1032 629 μετά
1062 548 1122 611 τὸν

100 656 286 741 στρατηγὸν
308 663 385 740 τιμή
408 655 470 738 τήν
491 654 674 738 ήγεμονίαν
697 652 910 740 ἐνεχείρισαν.

67 784 81 825 ι
171 758 263 828 Καθ’
281 761 322 828 δν
345 763 386 846 δή
410 762 534 847 χρόνον
553 757 806 846 Ἀκραγαντῖνοι
827 767 1038 847 θεωροῦντες
1060 762 1122 845 τήν

100 868 138 936 ἐν
160 871 300 957 Σικελίᾳ
326 868 528 935 κατάστασιν
555 867 785 953 εὐφυεστάτην
808 861 915 934 οὖσαν
942 869 1026 954 πρὸς
1053 866 1069 933 ἐ
1095 868 1123 931 ί-

99 983 200 1042 θεσιν
226 976 483 1061 ἠμφισβήτησαν
510 983 568 1058 τής
596 975 679 1039 κατὰ
708 977 770 1060 τήν
797 984 903 1058 νήσον
931 976 1121 1060 ἡγεμονίας·

100 1082 336 1165 ὑπελάμβανον
368 1082 431 1168 γάρ
462 1081 717 1167 Καρχηδονίους
745 1081 807 1164 μὲν
838 1084 934 1167 μόγις
967 1080 1157 1160 άνθέξειν3

100 1202 146 1276 τῷ
174 1191 258 1274 πρὸς
276 1188 480 1273 Ἀγαθοκλέα
507 1188 654 1275 πολέμφ,
681 1188 912 1274 Δεινοκράτην
937 1189 969 1253 δ’
986 1190 1124 1255 εὐκατα-

55 1319 82 1360 ιο
100 1297 266 1381 γώνιστον
307 1290 393 1361 εἶναι
434 1297 682 1381 συνηθροικότα
723 1296 914 1380 φυγαδικήν
955 1295 1123 1381 στρατιάν,

101 1406 180 1481 τοὺς
202 1403 232 1468 δ’
246 1402 283 1469 ἐν
305 1412 377 1479 ταῖς
395 1402 652 1488 Συρακούσσαις
673 1401 899 1484 θλιβομένους
916 1410 956 1487 τή
976 1403 1123 1488 σιτοδεία

100 1507 177 1595 μηδ’
204 1509 408 1596 ἐγχειρήσειν
440 1508 662 1593 ἀμφισβητεῖν
693 1519 761 1574 τῶν
792 1509 975 1594 πρωτείων,
1010 1509 1048 1574 τὸ
1086 1508 1124 1572 δὲ

100 1617 268 1702 μέγιστον,
295 1617 357 1702 τήν
380 1617 555 1700 στρατείαν
578 1613 707 1681 ἑαυτῶν
730 1615 941 1697 ποιουμένων
964 1614 1015 1681 ἐπ’
1032 1614 1124 1681 ἐλευ-

100 1724 245 1809 θερώσει
274 1733 342 1788 τῶν
369 1724 499 1788 πόλεων
523 1721 672 1805 ἀσμένως
695 1722 842 1800 ἅπαντας
871 1722 1124 1788 ὑπακούσεσθαι

57 1851 82 1900 ,ιι
102 1830 157 1896 διά
187 1853 222 1895 τε
251 1831 289 1895 τὸ
319 1831 403 1915 πρὸς
431 1831 510 1906 τοὺς
539 1829 731 1915 βαρβάρους
760 1831 856 1911 μίσος
886 1831 943 1896 καί
975 1829 1031 1895 διὰ
1062 1831 1124 1914 τήν

45 1933 256 2022 εεεέμφυτον
279 1945 382 2002 πᾶσιν
405 1935 589 2018 ἐπιθυμίαν
611 1945 670 2019 τής
693 1936 901 2019 αὐτονομίας.
947 1932 1040 2001 οὗτοι
1063 1936 1124 2018 μὲν
1142 1954 1157 2000 4

103 2036 166 2110 οὖν
184 2041 335 2126 ἑλόμενοι
356 2044 542 2129 στρατηγὸν
561 2042 743 2118 Ξενόδικον
760 2044 816 2108 καί
834 2045 896 2128 τήν
914 2043 1124 2129 ἁρμόζουσαν

103 2151 219 2227 δόντες
254 2151 399 2233 δύναμιν
436 2148 621 2233 ἐξέπεμψαν
657 2148 712 2215 ἐπί
748 2151 807 2215 τὸν
839 2152 998 2232 πόλεμον·
1035 2149 1053 2214 ὁ
1087 2149 1125 2215 δὲ

102 2268 300 2344 παραχρήμα
332 2255 386 2322 ἐπί
417 2258 479 2341 τήν
512 2257 620 2322 Γέλαν
656 2255 803 2342 ὁρμήσας
838 2257 894 2322 καί
930 2256 985 2321 διά
1021 2279 1124 2322 τινων

57 2386 85 2426 εο
104 2362 277 2442 ἰδιοξένων
299 2364 420 2440 νυκτὸς
443 2365 611 2448 εἰσαχθεὶς
633 2362 806 2450 ἐκυρίευσε
828 2374 886 2449 τής
909 2365 1036 2440 πόλεως
1059 2363 1125 2444 ἅμα

102 2472 158 2537 καί
188 2471 360 2553 δυνάμεως
389 2469 492 2555 ἁδρᾶς
521 2471 577 2536 καί
603 2471 787 2557 χρημάτων.
837 2469 1159 2556 ἐλευθερωθέντεςσ

104 2571 167 2644 οὖν
189 2578 223 2643 ολ
247 2582 372 2665 Γελῷοι
394 2578 633 2662 προθυμότατα
655 2578 821 2662 πανδημεί
846 2577 1125 2663 συστρατεύοντες

102 2684 314 2770 ήλευθέρουν
327 2684 386 2760 τάς
398 2685 519 2761 πόλεις.
552 2684 789 2768 διαβοηθείσης
803 2684 841 2749 δὲ
854 2694 912 2768 τής
929 2695 996 2750 τῶν
1011 2681 1126 2770 Ἀκρα-

103 2793 272 2875 γαντίνων
301 2789 458 2874 ἐπιβολής
489 2791 571 2856 κατὰ
601 2799 712 2856 πᾶσαν
740 2791 802 2874 τήν
834 2801 939 2875 νήσον
969 2790 1125 2857 ἐνέπεσεν

57 2917 85 2960 ει
104 2897 189 2984 ὁρμή
219 2907 291 2975 ταῖς
319 2900 436 2963 πόλεσι
463 2898 547 2983 πρὸς
573 2898 634 2981 τήν
662 2894 867 2984 ἐλευθερίαν.
917 2899 972 2964 καί
1000 2908 1125 2983 πρῶτοι

104 3005 166 3088 μὲν
184 3004 331 3071 Ἐνναῖοι
354 3004 541 3087 πέμψαντες
563 3005 625 3088 τήν
647 3006 746 3070 πόλιν
768 3013 839 3081 τοίς
857 3001 1126 3090 Ἀκραγαντίνοις

175 3198 201 3253 8.
221 3198 239 3253 4
262 3199 318 3271 [τῇ]
343 3197 399 3282 fiel.
422 3197 515 3252 Madv.
526 3197 545 3288 ΙΙ
563 3216 590 3266 p.
607 3202 672 3265 5143
697 3206 757 3260 τοῖς
780 3197 972 3264 δευτερεύουσι
990 3194 1058 3265 μετὰ
1075 3192 1125 3289 τδν

105 3269 480 3396 ⁶²⁰52³1²÷²⁹f30343¹1m⁸
498 3269 882 3410 λέῖιῖλωιῖέέἷιδίῖι·
904 3345 929 3392 ι.
946 3267 1126 3400 Μιίπὲἶῖλῖ

105 3358 199 3485 Ῐιῗιῗιι]
226 3384 261 3468 τέ
287 3413 362 3466 infra
388 3417 430 3478 ει,
450 3418 479 3479 2³
506 3408 665 3474 κειιειπς
683 3382 763 3466 'infra
788 3411 870 3465 audit
883 3382 938 3476 ἐι,
953 3417 984 3476 22
1002 3417 1132 3473 sam.

105 3483 141 3538 19
165 3482 326 3554 παραχρῆμ’
350 3483 397 3538 ἐπί
421 3482 545 3538 Kaelker
568 3501 598 3554 p.
619 3488 683 3540 301.
761 3482 805 3536 Ὦ
830 3473 1157 3544 mmmm-m&-

103 3554 140 3608 26
157 3551 330 3629 πέμψαντες]
349 3554 384 3612 cf.
404 3553 487 3615 XVII
504 3562 571 3628 113,
583 3563 612 3613 λ.
