2460 3848
433 193 475 248 01.
487 199 547 262 ιω,
558 200 586 248 3:
606 199 658 248 εον
673 210 698 248 ι.
710 192 773 248 chr.
1046 197 1112 262 333

94 341 262 418 διαλύσεις
280 338 467 425 ἐποιήσατο,
491 338 698 421 συνθέμενος
717 332 804 404 εἶναι
821 341 939 424 κυρίας
957 339 1014 416 τάς
1032 355 1113 404 συν-

94 452 216 533 θήκας,
248 445 308 513 ἐάν
339 442 422 513 ὦσιν
454 445 626 531 εὐάρεστοι
657 454 702 534 τῶ
732 448 847 530 πατρί,
879 445 1022 529 ἀκριβῶς
1052 445 1113 529 μέν

40 555 195 632 τετελδὼς
217 554 258 620 οὐ
277 551 544 640 προσδεξόμενον
563 552 666 618 αὐτὸν
685 553 740 617 διά
763 553 800 618 τὸ
823 551 1009 636 κεκρικέναι
1031 553 1113 618 πάν-

93 685 157 738 τως
180 662 236 727 διά
258 672 327 727 τῶν
349 660 462 726 ὅπλων
486 658 654 726 ἐπιθεῖναι
676 659 770 737 τέλος
791 669 837 748 τῷ
863 659 1028 743 συμβάντι
1055 681 1114 725 πο-

63 788 75 828 ε
95 767 192 855 λέμμ,
214 769 419 850 βουλόμενος
441 766 479 831 δέ
501 768 563 850 τήν
586 765 622 832 ἐκ
644 776 702 850 τῆς
720 764 879 843 Ἑλλάδος
902 766 1114 852 ἀποχώρησιν

94 874 283 960 εὐσχήμονα
319 877 524 958 ποιήσασθαι
560 873 615 938 καί
651 875 695 958 μή
732 881 824 958 φυγῆ
867 875 1113 959 παραπλησίαν·

94 979 276 1067 ἐγέγραπτο
306 982 370 1066 γάρ
400 977 438 1045 ἐν
467 989 540 1056 ταλς
569 983 755 1064 συνθήκαις
786 979 869 1064 πρὸς
901 990 971 1057 τολς
1002 982 1115 1058 ἀλλοις

94 1088 150 1153 καί
172 1088 209 1153 τὸ
232 1088 291 1164 τάς
309 1085 504 1171 Ἑλληνίδας
527 1089 640 1163 πόλεις
664 1084 845 1171 ἐλευθέρας
871 1086 1044 1173 ὑπάρχειν,
1073 1088 1114 1153 οὐ

94 1196 152 1272 τὰς
178 1195 262 1260 κατά
287 1196 350 1278 τήν
368 1192 511 1259 Ἑλλάδα
533 1195 649 1277 μόνον,
677 1192 760 1257 ἀλλά
787 1193 843 1257 καλ
869 1195 928 1270 τὰς
949 1197 1032 1259 κατά
1054 1197 1116 1279 τήν

51 1322 77 1361 ιο
91 1297 213 1367 Ἀσίαν.
250 1303 331 1383 μετά
354 1301 392 1366 δέ
414 1299 514 1366 ταῦθ’
530 1299 549 1363 δ
568 1303 758 1385 Δημήτριος
781 1301 1116 1384 παρασκευασάμενος
1134 1320 1150 1368 3

95 1410 196 1494 πόρια
222 1409 307 1494 πρὸς
332 1410 395 1492 τήν
422 1407 653 1490 παρακομιδήν
675 1415 743 1471 τῶν
765 1429 800 1470 τε
827 1417 1037 1492 στρατιωτῶν
1060 1409 1116 1474 καί

94 1523 153 1598 τῆς
175 1515 361 1599 ἀποσκευῆς
385 1515 516 1598 ἀνήχθη
539 1512 640 1578 παντί
662 1523 707 1600 τῷ
731 1514 837 1600 στόλῳ
865 1514 921 1578 καὶ
943 1516 1116 1596 κομισθείς

95 1623 151 1686 διά
182 1626 295 1707 νήσων
326 1619 548 1686 κατέπλευσεν
580 1621 627 1696 είς
651 1617 815 1704 Ἔφεσον.
869 1618 1046 1703 ἐκβιβάσας
1078 1622 1116 1687 δὲ

94 1731 157 1813 τήν
179 1729 324 1811 δύναμιν
347 1728 402 1792 καὶ
430 1727 715 1813 στρατοπεδεύσας
741 1730 885 1812 πλησίον
908 1738 976 1793 τῶν
998 1739 1116 1812 τειχῶν
1174 1742 1176 1747 ’

51 1855 77 1894 ιε
94 1835 261 1919 ἠνάγκασε
285 1836 347 1918 τήν
369 1836 469 1900 πόλιν
492 1835 539 1910 είς
561 1834 624 1917 τήν
646 1834 929 1920 προϋπάρχουσαν
953 1837 1117 1901 ἀποκατα-

96 1951 213 2025 στῆναι
240 1938 334 2018 τάξιν
358 1942 414 2007 καὶ
441 1943 502 2026 τήν
527 1941 588 2024 μὲν
613 1940 679 2005 ὑπὸ
703 1940 901 2027 Πρεπελάου
929 1950 989 2006 τοῦ
1013 1945 1116 2007 Λυσι-

95 2048 201 2132 μάχου
244 2057 429 2132 στρατηγοῦ
471 2054 753 2132 παρεισαχθεῖσαν
792 2049 947 2133 φρονράν
989 2045 1117 2132 άφῆκεν

95 2155 323 2238 ὑπόσπονδον,
355 2155 445 2219 ἰδίαν
475 2154 513 2219 δὲ
541 2155 695 2238 φυλακήν
724 2155 771 2231 είς
797 2155 859 2238 τήν
886 2156 993 2241 άκραν
1020 2177 1117 2220 κατα·

96 2265 218 2345 στήσας
240 2266 415 2346 παρῆλθεν
438 2262 485 2338 είς
504 2258 760 2346 Ἑλλήσποντον.
796 2261 853 2326 καί
870 2264 1118 2345 Λαμψακηνοὺς

53 2388 78 2427 εο
95 2368 157 2450 μὲν
175 2368 231 2433 καί
249 2369 453 2453 Παριανούς,
477 2365 526 2432 έτι
549 2367 587 2432 δὲ
608 2379 676 2434 τῶν
700 2369 811 2433 ἄλλων
832 2379 901 2433 τῶν
918 2372 1118 2454 μεταβεβλη-

96 2475 206 2558 μένων
227 2476 357 2541 πόλεών
377 2498 470 2551 τινας
491 2476 708 2559 ἀνεκτήσατο,
732 2474 786 2541 ἐπὶ
809 2475 847 2540 δὲ
869 2477 906 2540 τὸ
930 2477 1035 2557 στόμα
1057 2485 1117 2541 τοῦ

97 2584 233 2647 Πόντου
266 2583 534 2666 παραγενόμενος
570 2583 653 2667 πρὸς
685 2594 731 2668 τῷ
764 2583 1007 2667 Καλχηδονίων
1041 2583 1116 2668 δερῶ

98 2689 356 2773 στρατοπεδείαν
386 2688 597 2773 περιεβάλετο
626 2689 682 2753 καί
711 2692 790 2765 τοὺς
820 2688 1029 2774 φυλάξοντας
1058 2690 1118 2753 τὸν

96 2796 201 2859 τόπον
220 2794 356 2860 ἀπέλιπε
375 2795 576 2879 στρατιώτας
593 2797 712 2874 πεζοὺς
730 2795 791 2878 μὲν
805 2799 1017 2881 τρισχιλίους,
1035 2803 1119 2871 ναῦς

53 2921 78 2961 25
97 2901 135 2966 δέ
155 2904 281 2987 μακράς
303 2900 494 2988 τριάκοντα·
516 2904 579 2986 τήν
596 2901 626 2965 δ’
640 2903 746 2987 άλλην
764 2902 910 2984 δύναμιν
928 2902 1119 2982 διελόμενος

97 3010 179 3074 κατά
201 3010 314 3085 πόλεις
337 3008 496 3074 διέδωκεν
519 3009 567 3086 είς
589 3012 770 3093 χειμασίαν.
817 3009 894 3095 περὶ
916 3008 954 3073 δὲ
978 3008 1118 3085 τούτους
1137 3028 1154 3074 4

168 3166 187 3220 3
212 3162 298 3220 αίτδν
324 3167 357 3220 οὐ
381 3163 605 3235 προσδεξόμενον
629 3167 659 3220 F.
741 3166 759 3220 4
785 3171 823 3221 τῶ
848 3164 983 3238 συμβάντι
1009 3168 1063 3220 πολ
1078 3186 1119 3235 μω

97 3238 177 3305 h'bri3
192 3236 321 3292 συστάντι
335 3237 424 3292 Hertl.
434 3237 485 3291 111
500 3255 528 3307 p.
539 3243 555 3291 3
565 3236 584 3292 f.
595 3255 630 3304 r.;
646 3238 785 3307 σύμπαντι
793 3222 877 3293 Dind.
924 3237 942 3292 8
955 3234 987 3292 τὸ
1001 3237 1050 3291 καλ
1060 3219 1118 3290 RX.

98 3309 134 3363 10
147 3308 216 3379 μετὰ
230 3308 260 3363 δέ
274 3317 356 3363 τοῦτο
366 3314 400 3363 Δ.
409 3307 460 3362 RX
474 3310 584 3379 (contra
597 3309 715 3364 Diodori
730 3311 872 3379 consuet).
924 3309 958 3362 11
973 3316 1075 3375 τορεῑα
1088 3308 1118 3361 F.

99 3380 134 3434 12
152 3389 330 3450 παρασκευῆς
347 3380 378 3437 F.
442 3380 477 3435 13
497 3378 546 3434 διὰ
563 3389 618 3435 τῶν
637 3380 729 3450 νήσων
747 3381 777 3434 F.
839 3380 875 3435 16
894 3380 928 3434 cf.
947 3379 998 3432 XX
1018 3383 1124 3440 10⁵1ss

98 3450 134 3506 20
152 3452 188 3506 cf.
206 3451 257 3504 XX
276 3457 336 3519 107,
351 3458 376 3506 2.
412 3459 469 3507 τῶν
487 3451 592 3525 ἀλλων]
607 3461 663 3507 τῶν
677 3449 822 3522 Ἑλλήνων
830 3451 903 3504 QX.
960 3449 1148 3500 ‘nmm-

98 3519 202 3576 κιαι
217 3524 254 3592 ν,
271 3522 478 3597 τιικηιοαωι
496 3525 587 3582 moa,
601 3524 703 3581 xm
717 3530 771 3592 τε,
783 3519 908 3586 οπεο-
919 3518 1025 3574 mx
1037 3502 1200 3610 Qffi,

90 3591 345 3723 oalqbedoni}m
362 3598 397 3658 cf.
413 3598 483 3656 XIX
499 3598 738 3672 wsszffiufflet
753 3585 923 3650 υδῖωοᾚθ
937 3583 1013 3641 W·
1064 3568 1095 3614 ⁹³
1131 3575 1150 3602 '⁸

80 3677 245 3729 σαρακοντα
291 3714 297 3728 .
