2460 3848
432 190 586 258 01.116,2:
607 195 658 245 315
674 206 698 244 ο.
710 188 773 249 chr.
1068 191 1111 257 95

42 356 92 405 364
160 334 236 403 Ἐπί
258 337 296 402 δὲ
318 347 386 402 τῶν
408 347 535 419 καιρῶν
557 335 686 400 τούτων
707 336 865 420 Ἀρίστων
883 335 901 400 ό
920 336 1112 414 πιστευθείς

92 442 148 509 ὑπ’
172 443 347 525 Εὐμενοῦς
376 453 444 510 τόν
477 441 585 508 ὀστῶν
616 452 684 507 τῶν
714 445 888 526 Κρατεροῦ
920 442 1112 528 παρέδωκεν

93 553 140 628 είς
163 552 273 636 ταφήν
296 550 381 614 αὐτὰ
406 551 494 636 Φίλᾳ
516 558 555 634 τῇ
580 549 744 635 πρότερον
766 549 827 631 μὲν
850 553 1009 638 Κρατερῷ
1033 567 1112 616 συν-

93 657 245 746 οικούση,
270 659 343 722 τότε
367 656 405 722 δὲ
427 658 608 742 Δημητρίῳ
631 667 677 740 τῷ
697 652 900 738 Ἀντιγόνου.
937 656 1020 741 αὕτη
1044 653 1074 722 δ’
1091 658 1149 741 ήτ

61 766 179 848 ιγυνή
208 763 340 829 συνέσει
368 764 460 829 δοκεῖ
488 762 729 847 διενηνοχέναι·
757 763 836 839 τούς
863 786 899 828 τε
926 764 990 849 γὰρ
1016 787 1113 849 ταρα-

93 871 211 955 χώδεις
236 880 304 935 τῶν
327 868 365 936 έν
387 880 433 958 τῷ
462 868 673 956 στρατοπέδῳ
700 868 885 935 κατέπαυεν
908 869 1114 957 ἁρμοζόντως

93 977 331 1061 πολιτευομένη
360 978 442 1062 πρὸς
471 975 619 1058 ἕκαστον,
647 976 705 1052 τοίς
731 999 767 1040 τε
794 976 941 1061 ἀδελφὰς
967 979 1023 1043 καί
1049 984 1114 1043 θυ-

93 1083 232 1168 γατέρας
255 1095 323 1149 τῶν
344 1083 480 1168 ἀπόρων
503 1081 653 1161 ἐξεδίδου
677 1091 747 1159 τοῖς
772 1083 870 1160 ἰδίοις
892 1084 1113 1169 δαπανήμασι,

94 1192 239 1267 πολλοὺς
267 1190 304 1256 δὲ
331 1191 387 1256 καί
413 1201 481 1255 τῶν
505 1190 677 1272 διαβολαῖς
704 1192 970 1274 περιπιπτόντων
992 1193 1036 1275 μή
1064 1191 1113 1256 δι-

49 1319 75 1358 10
94 1299 203 1374 καίαις
225 1295 414 1382 ἀπήλλασσε
436 1307 504 1362 τῶν
526 1296 704 1361 κινδύνων.
751 1295 880 1380 λέγεται
902 1297 940 1362 δὲ
967 1299 1022 1362 καί
1041 1295 1148 1364 ’.έν-5

93 1406 254 1489 τίπατρον
276 1405 336 1470 τὸν
358 1403 483 1490 πατέρα
507 1403 623 1486 αὐτῆς,
651 1402 689 1479 ὃς
716 1402 808 1468 δοκεῖ
833 1403 1008 1486 γεγονέναι
1031 1429 1113 1489 φρο-

93 1511 275 1592 νιμώτατος
308 1522 376 1576 τῶν
409 1508 446 1575 ἐν
478 1511 689 1586 δυναστείαις
719 1512 907 1593 γεγονότων
938 1513 1020 1576 κατὰ
1051 1513 1113 1596 τήν

94 1618 199 1701 αύτήν
216 1619 359 1702 ἡλικίαν,
381 1618 483 1702 κόρης
501 1617 603 1700 ούσης
622 1613 670 1681 έτι
687 1626 745 1701 τής
766 1618 870 1694 Φίλας
889 1619 1112 1701 συμβουλεύε-

94 1731 177 1791 σθαι
208 1726 291 1810 πρὸς
323 1725 447 1808 ταύτην
479 1723 555 1809 περί
587 1732 654 1788 τῶν
686 1725 858 1807 μεγίστων.
908 1724 1048 1808 μηνύσει
1078 1722 1148 1790 δ’6

49 1851 75 1891 ιι
94 1829 330 1918 ἀκριβέστερον
360 1832 398 1896 τὸ
431 1840 489 1914 τής
515 1829 674 1913 γυναικὸς
700 1826 786 1912 ἦθος
813 1832 941 1915 προϊὼν
968 1831 986 1896 ὁ
1014 1834 1112 1915 λόγος

93 1937 149 2002 καί
180 1939 221 2002 τοὶ
252 1938 427 2023 πράγματα
459 1936 671 2019 λαμβάνοντα
703 1940 889 2021 μεταβολήν
920 1938 975 2003 καί
1001 1940 1113 2023 κρίσιν

94 2042 235 2128 ἐσχάτην
261 2054 320 2128 τῆς
346 2045 423 2127 περί
449 2047 644 2130 Δημήτριον
672 2045 849 2126 βασιλείας.
898 2045 954 2109 καί
982 2047 1023 2109 τὰ
1051 2046 1112 2127 μὲν

94 2151 170 2235 περὶ
198 2149 391 2233 Ἀυτίγονον
422 2151 478 2216 καί
513 2152 620 2216 Φίλαν
652 2152 713 2234 τήν
744 2152 939 2235 Δημητρίου
971 2162 1113 2236 γυναῖκα

93 2254 217 2323 τοιαῦτ’
235 2254 286 2341 ήν.

49 2384 76 2424 ιο
170 2370 244 2429 Τῶν
276 2364 314 2429 δὲ
348 2362 572 2447 πεμφθέντων
608 2361 666 2428 ὑπ’
688 2360 883 2449 Ἀντιγόνου
920 2376 1113 2449 στρατηγῶν
1123 2365 1166 2430 60

91 2467 326 2555 Ἀριστόδημος
347 2470 409 2552 μὲν
432 2471 577 2547 πλεύσας
600 2473 647 2548 είς
670 2472 731 2555 τήν
754 2473 952 2555 Λακωνικήν
974 2473 1030 2537 καὶ
1057 2477 1113 2538 λα-

94 2578 166 2660 βὼν
188 2578 277 2661 παρὰ
294 2589 362 2642 τῶν
380 2582 602 2662 Σπαρτιατῶν
620 2576 775 2655 ἐξουσίαν
793 2576 992 2663 ξενολογεῖν,
1015 2595 1113 2664 στρα-

93 2684 211 2760 τιώτας
233 2685 395 2769 ήθροισεν
419 2683 681 2768 ὀκτακισχιλίους
703 2683 740 2750 ἐκ
761 2694 819 2767 τῆς
840 2689 1112 2770 Πελοποννήσου.

95 2788 243 2874 ἐντυχὼν
266 2791 304 2856 δὲ
318 2788 520 2879 Ἀλεξάνδρῳ
541 2792 597 2856 καί
615 2790 870 2877 Πολυπέρχοντι
893 2794 1010 2877 φιλίαν
1033 2809 1113 2858 συν-

50 2917 76 2957 κι
96 2896 192 2962 έθετο
211 2898 294 2982 πρὸς
315 2897 436 2974 αὐτούς
458 2897 544 2981 ὑπὲρ
559 2895 753 2981 Ἀντιγόνου
776 2899 832 2963 καί
850 2897 1112 2982 Πολυπέρχοντα

94 3003 156 3085 μὲν
187 3004 373 3089 στρατηγὸν
405 3003 554 3082 ἀπέδειξε
585 3016 643 3090 τής
674 3007 952 3089 Πελοποννήσου,
984 3007 1043 3070 τὸν
1075 3005 1113 3070 δὲ

91 3107 308 3195 Ἀλέξανδρον
347 3106 477 3176 ἔπεισεν
514 3113 561 3189 είς
597 3114 661 3196 τήν
695 3108 809 3176 Ἀσίαν
849 3116 990 3178 πλεῦσαι
1030 3113 1112 3199 πρὸς

165 3268 306 3323 Ῑτούτων
324 3276 380 3322 τῶν
398 3276 504 3334 καιρῶν
518 3268 547 3321 F.
598 3267 689 3323 δυῶν
708 3270 776 3394 Κρή
790 3278 840 3324 τοῦ
859 3274 909 3338 Κρ.
924 3269 954 3323 F.
1004 3269 1113 3324 δαύτὰ

95 3355 148 3394 om.
162 3338 195 3392 X.
233 3337 294 3408 φιλλ
327 3340 357 3406 F,
372 3356 440 3394 corr.
456 3340 487 3393 in
499 3355 589 3409 marg.
604 3345 628 3393 2.
639 3357 675 3393 m.
726 3341 744 3394 5
777 3339 855 3396 δόκει
868 3339 926 3394 RX.
976 3340 1012 3395 10
1026 3341 1113 3408 ἀπήλ-

94 3413 173 3464 λαττε
191 3410 221 3465 F.
294 3359 330 3466 53
348 3409 443 3479 φιλίας
460 3410 516 3464 FX.
589 3411 625 3466 14
642 3411 744 3480 ταύτης
762 3411 825 3467 RK.
893 3411 937 3464 Χῐ)
952 3413 1029 3476 m&
1042 3408 1137 3469 λόγος

95 3480 160 3535 εδδ.
183 3482 205 3535 Ε
234 3483 350 3550 δηλώσει
377 3480 480 3553 ὁμοίως
504 3502 532 3538 τε
562 3483 625 3556 (καὶ
649 3483 687 3540 τδι
713 3483 846 3554 πρόιηυὴ.
913 3479 972 3537 ,ΧἙ
998 3467 1168 3574 ww}

94 3555 170 3620 (⁰012
190 3558 214 3606 2·
227 3555 277 3622 m.)
293 3552 326 3608 Χ.
402 3555 439 3613 19
456 3556 570 3615 τοιαῦτ’
590 3553 645 3634 hv]
662 3555 846 3615 τοιαύταῑδ.
918 3548 968 3602 Ἃ
983 3544 1041 3606 τὴν
1063 3549 1130 3586 m·
1178 3561 1185 3568 '
