2460 3848
137 207 201 272 180
506 203 620 259 Diodor.
630 202 681 256 XX
694 208 781 257 5-7.

100 369 241 433 εμενος.
296 344 362 415 εὖθ’
394 351 426 415 ολ
457 349 518 432 μὲν
550 349 776 434 Καρχηδόνιοι
812 350 955 433 πλησίον
985 349 1049 433 ήδη
1085 361 1156 415 τῶν

136 467 314 543 φορτηγῶν
332 457 440 539 ὄντες,
463 456 508 532 ὡς
527 455 602 520 ίδον
620 458 699 532 τοὺς
718 456 896 537 πολεμίους
919 455 1060 538 ἀθρόαις
1082 466 1156 535 ταῖς

100 632 103 637 ,
135 564 235 629 ναυσί
264 562 439 645 πλέοντας,
471 563 509 626 τὸ
541 562 602 645 μὲν
631 572 764 646 πρῶτον
792 561 1019 645 ὑπολαβόντες
1050 563 1157 628 αὐτὸν

136 669 321 755 ὡρμηκέναι
348 670 432 753 πρὸς
457 670 519 753 τήν
541 680 609 734 τῶν
633 679 777 752 σιτηγῶν
799 671 973 753 βοήθειαν,
1001 667 1156 755 ἀνέστρε·

136 801 203 861 φον
233 776 288 841 καί
317 777 377 840 τὸν
407 776 527 840 στόλον
557 772 717 860 ἐξήρτυον
745 776 792 852 εἰς
819 778 1018 860 ναυμαχίαν·
1049 776 1094 853 ὡς
1121 776 1152 841 δ’
1189 797 1202 839 ε

136 880 186 948 ἐπ’
212 882 347 959 εὐθείας
376 880 490 966 ἐώρων
519 881 752 968 παραθέοντας
780 882 835 946 καί
864 884 951 947 πολὺ
979 891 1039 948 τοῦ
1066 887 1156 948 πλοῦ

99 990 446 1074 4προλαμβάνοντας,
483 987 658 1054 ἐποιοῦντο
695 989 754 1053 τὸν
786 990 942 1073 διωγμόν.
997 986 1083 1055 ἔνθα
1113 990 1155 1074 δή

135 1097 264 1161 τούτων
295 1098 379 1183 πρὸς
411 1095 575 1180 ἀλλήλους
606 1095 895 1180 φιλοτιμουμένων
926 1097 967 1160 τά
998 1096 1059 1178 μὲν
1093 1097 1157 1181 τήν

136 1203 263 1287 ἀγοράν
299 1204 474 1287 κομίζοντα
509 1207 610 1267 πλοῖα
645 1199 839 1285 παραδόξως
875 1201 1064 1288 ἐκφυγόντα
1095 1205 1158 1269 τὸν

136 1311 298 1376 κίνδυνον
330 1312 457 1395 πολλήν
490 1309 651 1395 εὐπορίαν
683 1306 839 1393 ἐποίησεν
871 1307 908 1374 ἐν
939 1319 1011 1387 ταῖς
1042 1314 1157 1395 Συρα-
1176 1332 1204 1372 ιο

136 1417 293 1496 κούσσαις
324 1429 392 1484 τῶν
424 1415 630 1501 ἐπιτηδείων,
667 1416 832 1493 σιτοδείας
865 1418 929 1501 ήδη
963 1418 1025 1501 τήν
1056 1419 1158 1484 πόλιν

137 1524 291 1609 ἐχούσης,
323 1525 341 1591 ό
374 1523 405 1589 δ’
427 1520 633 1607 Ἀγαθοκλῆς
662 1523 944 1607 περικατάληπτος
971 1525 1035 1608 ήδη
1065 1526 1158 1607 γινό-

136 1655 234 1713 μενος
267 1630 489 1714 ἐπιλαβούσης
520 1639 577 1714 τής
608 1631 729 1706 νυκτὸς
761 1629 960 1696 ἀνελπίστου
994 1632 1158 1714 σωτηρίας

102 1735 261 1822 σέτνχεν.
315 1747 355 1823 τή
388 1732 418 1802 δ’
445 1736 604 1823 ὑστεραία
639 1737 839 1821 τηλικαύτην
876 1734 1023 1816 ἔκλειψιν
1058 1737 1157 1821 ήλίου

138 1843 262 1928 συνέβη
303 1843 463 1928 γενέσθαι
503 1843 587 1908 ὥστε
628 1842 812 1929 ὁλοσχερῶς
853 1854 1000 1928 φανῆναι
1040 1844 1157 1929 νύκτα,
1177 1866 1203 1907 ιι

137 1951 381 2037 θεωρουμένων
404 1962 471 2016 τῶν
494 1949 642 2036 ἀστέρων
664 1959 847 2035 πανταχοῦ·
876 1952 992 2036 διόπερ
1020 1951 1053 2015 οί
1080 1951 1158 2036 περὶ

137 2059 197 2123 τὸν
218 2056 436 2142 Ἀγαθοκλέα,
459 2058 655 2139 νομίσαντες
677 2056 733 2121 καὶ
755 2058 792 2121 τὸ
816 2064 914 2123 θεῖον
939 2057 1052 2135 αὐτοῖς
1075 2081 1157 2141 προ-

139 2167 312 2249 σημαίνειν
330 2166 368 2230 τὸ
387 2162 555 2249 δυσχερές,
579 2160 628 2227 έτι
645 2168 772 2245 μᾶλλον
790 2163 876 2250 ὑπὲρ
894 2173 954 2230 τοῦ
978 2164 1158 2248 μέλλοντος

99 2269 118 2334 6
138 2269 176 2336 ἐν
199 2271 326 2359 ἀγωνία
347 2273 630 2354 καθειστήκεισαν.
674 2267 708 2347 ἐξ
732 2269 762 2334 δ’
779 2270 901 2355 ἡμέρας
924 2271 979 2336 καί
1001 2272 1060 2347 τάς
1083 2271 1158 2349 ἐσας

138 2378 260 2454 νύκτας
283 2378 394 2442 αὐτῶν
412 2376 628 2442 πλευσάντων
645 2375 900 2462 ὑποφαινούσης
917 2387 975 2462 τῆς
993 2377 1035 2444 ἕω
1052 2400 1158 2463 παρα·
1178 2403 1205 2444 ιο

139 2482 242 2562 δόξως
274 2483 292 2549 ὁ
325 2484 442 2560 στόλος
472 2493 540 2548 τῶν
571 2484 814 2570 Καρχηδονίων
846 2484 907 2550 οὐκ
939 2487 1077 2552 ἀπωθεν
1110 2487 1160 2551 ὢν

139 2589 281 2674 ἑωράθη.
318 2590 435 2675 διόπερ
454 2589 653 2677 ἀμφοτέροις
672 2590 878 2676 ἐμπεσούσης
895 2594 1044 2677 σπουδῆς
1063 2592 1160 2676 ήμιλ-

140 2702 245 2762 λῶντο
269 2697 352 2780 πρὸς
375 2692 539 2782 ἀλλήλους
561 2707 632 2775 ταῖς
660 2700 830 2783 εἰρεσίαις,
858 2701 891 2764 οὶ
917 2700 978 2783 μὲν
1005 2701 1161 2778 Φοίνικες

139 2806 327 2886 νομίζοντες
350 2803 416 2886 ἀμα
438 2813 478 2891 τῇ
499 2815 567 2870 τῶν
585 2815 672 2870 νεῶν
692 2805 813 2871 ἁλώσει
831 2807 1074 2892 Συρακούσσας
1095 2807 1160 2889 μέν

139 2910 350 2997 ὑποχειρίους
375 2908 470 2995 ἕξειν,
493 2913 554 2996 τήν
577 2912 615 2977 δέ
637 2913 780 2996 πατρίδα
802 2913 955 2996 μεγάλων
974 2911 1160 2999 ἐλευθερῶ·
1180 2938 1208 2980 τι

211 3134 320 3194 θεῖδον
333 3140 362 3194 F.
429 3140 534 3195 Γέοιύ.
551 3139 661 3214 <όξύν>
676 3140 822 3196 ἐποιοῦντο
841 3162 863 3195 τ.
879 3141 914 3196 δῖ
928 3141 1012 3196 Dind.
1081 3142 1161 3197 θέ-

141 3213 281 3298 φεύγοντα
306 3212 335 3266 F.
409 3211 444 3265 10
471 3211 575 3281 πολλὴν
602 3209 738 3279 εύπορίαν
767 3212 797 3267 ἐν
821 3221 883 3275 ταῖς
909 3217 942 3267 Σ.
966 3210 1102 3281 ἐποίησαν
1128 3215 1160 3269 Ρ.

140 3281 728 3351 1410cf.H01mG.S.11p.237.47⁶;
753 3284 869 3339 Meltzer
887 3283 918 3338 G.
934 3284 1008 3339 d.K.
1023 3284 1036 3336 Ι
1054 3302 1081 3352 p.
1098 3290 1161 3340 368.

140 3359 206 3420 5253
233 3353 370 3408 Schubert
394 3355 497 3422 Agath.
521 3372 548 3422 p.
568 3358 615 3421 953
640 3354 752 3409 NieseI
769 3373 796 3423 p.
811 3361 863 3409 446
879 3371 903 3409 a.
916 3362 940 3409 1.
1013 3355 1049 3410 19
1072 3351 1102 3422 ἓξ
1130 3355 1159 3411 ε’
1187 3344 1190 3349 ’

134 3423 242 3492 ἡμέρας
266 3426 315 3479 καὶ
341 3424 391 3488 τάς
416 3424 479 3488 ίσας
503 3426 616 3497 νύκτας]
643 3427 678 3480 cf.
701 3426 818 3481 Meltzer
837 3426 865 3481 Π.
881 3425 910 3480 ll.
987 3427 1022 3482 21
1046 3432 1164 3498 Καρχη-

107 3493 496 3624 θιζρχιθὸχηένρρακουσίων
510 3498 540 3554 F.
580 3497 691 3554 ἀποθεν
707 3498 742 3553 θ.
800 3497 839 3552 ‘22
856 3495 901 3552 διὸ
914 3497 983 3565 παρ’
995 3499 1064 3566 ἀμφ.
1079 3498 1162 3569 libri;
