2460 3848
430 199 471 255 01.
483 206 543 267 11ε,
555 206 582 255 1:
604 205 655 255 ε1ε
670 199 768 255 mehr.
1064 205 1108 270 43

86 346 212 433 ταχέως
238 345 414 430 συνάψειν,
442 354 503 411 τοῦ
531 342 562 409 δ’
589 345 791 411 ἱκανωτάτου
821 356 889 411 τῶν
916 358 1109 430 στρατηγῶν

86 455 155 520 ἀπὸ
173 462 232 538 τής
249 455 353 520 νόσου
372 449 600 534 πιεζουμένου.
637 448 677 517 ού
701 454 768 536 μήν
791 448 876 518 ἀλλά
898 460 958 518 τοῦ
977 452 1110 530 πάθους
1128 471 1144 519 6

86 559 266 648 κριθέντος
292 558 406 644 ἐπειδή
431 557 579 646 βραχέως
602 556 705 624 αὑτὸν
723 557 967 644 προσανέλαβε,
985 569 1110 644 προήγε

86 669 170 752 μετὰ
194 673 253 753 τής
275 667 448 750 δυνάμεως
467 663 704 751 ἀφηγουμένου
724 664 917 732 Πευκέστου
935 666 992 731 καὶ
1005 662 1110 733 Ἀντι-

55 774 224 860 ογένους,
247 773 345 852 αὐτὸς
369 773 406 839 δὲ
430 775 538 861 φορίφ
561 775 774 856 κομιζόμενος
796 771 1019 857 ἐπηκολούθει
1042 783 1111 851 τοῖς

88 880 304 967 οὐραγοῦσιν,
328 882 417 958 ὅπως
434 882 478 965 μή
497 881 554 945 διὰ
575 881 636 946 τὸν
658 882 814 965 θόρυβον
835 880 891 945 καί
914 881 975 965 τήν
999 896 1111 946 στενο-

88 989 215 1074 χωρίαν
238 992 485 1076 παρενοχλοῖτο.

157 1092 213 1172 Ὡς
231 1091 262 1160 δ’
277 1095 400 1180 ἡμέρας
423 1093 504 1160 ὁδὸν
528 1090 675 1178 ἀπέσχον
698 1090 755 1158 ἀπ’
774 1089 927 1178 ἀλλήλοιν
950 1094 991 1158 τά
1014 1093 1164 1179 moa-25

89 1203 228 1286 τόπεδα,
250 1203 479 1278 κατασκόπους
497 1197 648 1283 ἔπεμψαν
666 1199 848 1286 ἀμφότεροι
867 1201 923 1265 καί
945 1202 1111 1283 μαθόντες

43 1331 71 1372 ιο
89 1311 131 1374 τά
162 1313 276 1394 πλήθη
308 1310 364 1374 καί
394 1311 453 1385 τὰς
484 1306 693 1393 προαιρέσεις
724 1317 792 1372 τῶν
825 1308 993 1390 πολεμίων
1029 1328 1112 1393 παρ-

90 1415 312 1482 εσκευάσαντο
341 1416 403 1498 μὲν
432 1417 516 1502 πρὸς
545 1417 606 1480 τὸν
633 1415 807 1498 κίνδυνον,
837 1414 1044 1498 διελύθησαν
1074 1414 1112 1481 δὲ

90 1522 190 1608 χωρίς
217 1522 334 1608 μάχης·
364 1520 630 1609 προβεβλημένοι
658 1523 722 1606 γάρ
752 1519 936 1607 ἀμφότεροι
962 1524 1146 1603 ποταμόυε

89 1652 165 1695 τινα
185 1629 241 1695 καὶ
263 1629 435 1715 χαράδραν
458 1627 612 1707 ἐξέταξαν
634 1629 696 1712 μὲν
718 1631 776 1707 τὰς
799 1629 972 1713 δυνάμεις,
996 1629 1052 1694 διά
1075 1627 1113 1693 δὲ

89 1738 148 1814 τὰς
175 1747 243 1802 τῶν
269 1738 383 1802 τόπων
410 1737 598 1822 δυσχωρίας
625 1732 687 1801 ούκ
711 1735 934 1820 ἠδυνήθησαν
957 1736 1113 1820 διαγωνί-

46 1863 71 1904 1ι
91 1847 225 1908 σασθαι.
270 1843 696 1925 καταστρατοπεδεύσαντες
720 1838 751 1907 δ’
770 1839 924 1927 ἀλλήλων
947 1839 1012 1908 ἀπὸ
1037 1859 1113 1908 στα-

91 1949 175 2014 δίων
196 1959 300 2034 τριῶν
322 1948 377 2015 ἐπὶ
399 1950 462 2033 μὲν
484 1948 607 2034 ήμέρας
633 1948 795 2035 τέσσαρας
822 1947 1113 2035 ἀκροβολιζόμενοι

89 2056 146 2122 καί
181 2057 447 2141 προνομεύοντες
482 2057 544 2140 τήν
584 2056 697 2140 χώραν
737 2055 937 2139 διετέλεσαν,
978 2055 1113 2121 πάντων

91 2164 320 2246 σπανίζοντες,
347 2173 387 2250 τή
415 2161 544 2255 πέμπτη
572 2159 603 2228 δ’
622 2159 813 2247 Ἀντίγονος
836 2163 1042 2248 πρεσβευτάς
1064 2160 1113 2239 ἐξ·

91 2268 262 2335 απέστειλε
284 2271 368 2355 πρός
390 2293 425 2335 τε
447 2274 527 2348 τοὺς
545 2270 714 2356 σατράπας
732 2270 787 2335 καί
805 2271 884 2347 τοὺς
901 2268 1112 2352 Μακεδόνας,

46 2399 73 2438 ιο
91 2373 194 2454 ἀξιῶν
211 2376 357 2459 Εὐμενεῖ
379 2377 440 2459 μὲν
462 2379 506 2462 μή
530 2376 717 2463 προσέχειν,
741 2375 846 2463 ἑαυτῷ
871 2375 908 2442 δέ
930 2375 1112 2441 πιστεύειν·

91 2486 320 2568 συγχωρήσειν
349 2486 414 2569 γὰρ
444 2481 508 2569 ἔφη
538 2495 608 2561 τοῖς
637 2484 699 2567 μέν
728 2482 909 2569 σατράπαις
939 2479 1026 2567 ἔχειν
1056 2485 1147 2560 τάς3

93 2589 180 2665 ίδίας
202 2592 415 2675 σατραπείας,
437 2602 505 2657 τῶν
528 2592 566 2659 δέ
589 2593 700 2658 ἀλλων
722 2600 791 2668 τοῖς
814 2590 876 2672 μὲν
898 2590 1011 2676 χώραν
1034 2596 1113 2656 πολ·

92 2697 156 2780 λήν
173 2696 305 2781 δώσειν,
328 2699 407 2773 τοὺς
425 2698 463 2764 δὲ
481 2700 529 2776 εἰς
552 2702 610 2776 τάς
632 2699 793 2783 πατρίδας
816 2695 1011 2763 ἀποστελεῖν
1033 2698 1113 2779 μετὰ

91 2808 188 2887 τιμής
209 2804 264 2868 καί
287 2804 434 2890 δωρεῶν,
461 2808 539 2884 τοὺς
562 2805 600 2871 δὲ
623 2804 864 2886 στρατεύεσθαι
887 2803 1113 2888 βουλομένους

47 2932 74 2973 ιε
92 2910 262 2993 διανεμεῖν
285 2912 333 2989 είς
355 2913 413 2990 τάς
435 2911 560 3000 έκάστφ
585 2911 799 2995 καθηκούσας
825 2909 939 2989 τάξεις.
985 2921 1052 2975 τῶν
1075 2909 1148 2975 δὲι

92 3018 303 3084 Μακεδόνων
336 3017 376 3084 οὐ
408 3019 642 3105 προσεχόντων
673 3026 743 3095 τοῖς
775 3018 901 3101 λόγοις,
938 3013 1022 3082 ἀλλὰ
1058 3016 1113 3081 καὶ

93 3126 409 3210 προσαπειλούντων
431 3135 500 3202 τοῖς
523 3127 741 3210 πρεσβευταῖς
758 3123 912 3208 Εὐμενής
934 3125 1113 3208 παρελθὼν

164 3282 182 3337 2
205 3280 368 3352 πιεζομένου
386 3284 416 3338 F.
480 3282 499 3337 8
522 3278 609 3338 αὐτὸν
626 3281 660 3336 X.
729 3281 747 3336 ὅ
769 3278 874 3353 φορείῳ
893 3280 928 3347 Ρς
954 3279 985 3334 έν
1008 3278 1113 3347 φορείω

93 3354 167 3409 Plut.
196 3354 275 3410 Eum.
306 3360 347 3409 14.
438 3354 456 3409 6
483 3358 659 3423 θυραγοῦσιν
686 3351 719 3406 Χ.
812 3353 827 3409 λ
855 3354 1052 3421 παρενοχλοῖτο
1079 3335 1113 3404 X.

94 3425 128 3480 18
147 3425 178 3480 δὲ
197 3426 227 3480 F.
288 3425 324 3480 19
342 3445 371 3480 τε
389 3442 442 3481 om.
457 3427 487 3479 F.
549 3424 585 3480 ‘20
603 3433 749 3479 πιστεύσαι
766 3423 796 3476 F.
857 3422 893 3478 21
913 3431 1064 3492 συγχωρεῖν
1082 3423 1120 3472 Ἦ.

92 3496 128 3551 23
148 3494 324 3552 ἀποστέλλειν
337 3497 367 3552 F.
423 3498 459 3554 25
477 3495 622 3570 διανέμειν
638 3494 727 3566 Υδιιὶς
743 3494 930 3552 mmmm.
963 3500 1022 3545 τοι
1033 3493 1143 3540 mu-

89 3565 182 3621 δάνων
199 3569 231 3622 δέ
247 3568 279 3623 F.
354 3569 392 3627 26
410 3573 461 3629 καὶ
481 3590 538 3632 om.
552 3573 588 3632 F.
