2460 3848
433 202 588 271 01.11⁷‚2:
608 209 659 258 311
675 220 699 257 α.
711 202 773 259 chr.
1049 207 1112 272 169

94 359 243 432 ποταμοῦ
265 351 348 435 πρὸς
370 350 433 434 τῆν
455 359 522 416 τῶν
541 346 711 433 Ἑλλήνων
734 348 913 414 ἀπώλειαν·
938 348 1004 415 ὑπὸ
1027 350 1114 415 κύνα
1132 369 1148 417 5

93 459 157 544 γάρ
190 458 293 541 οὔσης
323 467 381 542 τῆς
413 456 500 542 άρας
530 456 586 521 καί
622 465 682 521 τοῦ
719 456 867 539 διωγμοῦ
903 457 980 542 περὶ
1011 455 1114 539 μέσον

93 563 216 650 ἡμέρας
247 563 425 649 γινομένου
458 565 491 629 ολ
523 563 641 629 πολλοὶ
673 574 740 629 τῶν
772 565 968 647 φευγόντων
996 564 1052 628 διά
1079 587 1113 628 τε

94 672 131 736 τὸ
154 679 263 754 καῦμα
285 671 340 736 καλ
363 672 424 755 τῆν
448 670 484 737 ἐκ
510 681 568 755 τῆς
596 682 706 756 φυγῆς
732 670 960 737 κακοπάθειαν
984 667 1114 749 ἔκδιψοι

62 780 286 862 εγιγνόμενοι
309 778 438 863 λάβρως
462 773 589 860 ἐπινον,
612 778 667 843 καλ
689 778 788 844 ταῦθ’
806 778 932 844 ἁλυκοῦ
955 787 1015 843 τοῦ
1039 778 1114 863 ῥεύ-

93 907 195 967 ματος
215 885 320 962 όντος.
358 886 474 970 διόπερ
496 885 558 950 ούκ
578 883 736 961 ’ἐλάττους
760 895 827 951 τῶν
850 883 888 950 ἐν
910 895 956 973 τῷ
979 885 1112 971 διωγμῷ

94 991 292 1077 σφαγέντων
323 991 512 1078 εὑρέθησαν
541 993 631 1078 παρά
661 993 720 1057 τὸν
749 993 899 1074 ποταμὸν
928 996 1114 1077 τετελευτη-

94 1101 186 1176 κότες
210 1100 358 1184 άτρωτοι.
405 1095 525 1164 ἔπεσον
548 1099 580 1162 δ’
597 1098 634 1165 ἐν
657 1107 696 1183 τῆ
720 1097 805 1188 μάχη
829 1099 931 1188 ταύτῃ
958 1110 1025 1164 τῶν
1053 1099 1114 1181 μέν

94 1205 274 1291 βαρβάρων
305 1207 383 1291 περί
413 1207 666 1287 πεντακοσίους,
698 1215 766 1269 τῶν
799 1205 831 1268 δ’
850 1201 1020 1289 Ἑλλήνων
1052 1207 1114 1271 οὐκ

49 1335 76 1375 ιο
94 1311 249 1390 ἐλάττους
272 1311 533 1397 ἑπτακισχιλίων.

162 1419 365 1505 Ἀγαθοκλῆς
388 1421 425 1485 δέ
448 1418 626 1508 τηλικαύτῃ
650 1425 807 1506 συμφορᾷ
829 1418 1017 1503 περιπεσὼν
1035 1421 1113 1496 τοὺς
1130 1418 1193 1483 110

94 1524 131 1592 ἐκ
159 1536 217 1610 τῆς
246 1535 369 1613 τροπῆς
402 1525 629 1602 διασωθέντας
661 1524 823 1609 άνέλαβεν
852 1526 907 1590 καί
939 1526 1000 1609 τῆν
1032 1546 1114 1610 παρ-

94 1635 240 1718 εμβολὴν
269 1632 438 1719 ἐμπρήσας
469 1634 516 1710 είς
548 1631 656 1698 Γέλαν
686 1632 885 1719 ἀπεχώρησε.
939 1633 1114 1709 διαδόντος

94 1741 127 1806 δ’
153 1740 256 1806 αὐτοῦ
288 1743 391 1825 λόγον
423 1741 467 1818 ὡς
497 1741 580 1805 κατά
612 1741 765 1825 σπουδῆν
797 1741 844 1817 είς
872 1740 1114 1825 Συρακούσσας

49 1867 76 1908 ιι
95 1843 333 1933 ἀναζευγνύειν
369 1846 542 1931 διέγνωκε,
568 1849 767 1932 ’τριακόσιοι
807 1858 876 1914 τῶν
913 1846 949 1913 ἐκ
985 1847 1113 1931 Λιβύης

97 1953 223 2020 ἱππέων
254 1956 337 2020 κατά
368 1956 429 2039 τῆν
461 1955 573 2039 χώραν
605 1953 803 2039 περιέπεσόν
834 1971 901 2019 τισι
933 1965 1001 2018 τῶν
1020 1951 1114 2038 Ἀγα-

95 2061 257 2139 θοκλέους
290 2073 507 2147 στρατιωτῶν.
561 2055 609 2127 ὧν
641 2062 805 2127 εἰπόντων
837 2061 880 2138 ὡς
909 2056 1115 2144 Ἀγαθοκλῆς

96 2170 142 2246 είς
172 2169 414 2255 Συρακούσσας
443 2169 706 2255 ἀποκεχώρηκεν,
738 2169 899 2253 εἰσῆλθον
929 2168 977 2244 είς
1007 2166 1115 2233 Γέλαν

95 2276 139 2353 ὡς
160 2278 254 2360 φίλοι
271 2276 327 2340 καί
345 2275 606 2354 διαψευσθέντες
627 2286 684 2360 τῆς
702 2274 836 2351 ἐλπίδος
853 2275 1114 2358 κατηκοντίσθη-

49 2405 76 2445 εο
96 2399 167 2447 σαν.
204 2381 222 2447 ὁ
240 2383 272 2446 δ’
283 2381 487 2467 Ἀγαθοκλῆς
505 2382 717 2449 συνέκλεισεν
734 2382 837 2449 αὑτὸν
854 2383 902 2458 είς
920 2383 981 2466 τῆν
996 2380 1114 2466 Γέλαν,
1132 2401 1148 2449 2

95 2488 156 2554 οὐκ
180 2488 354 2555 ἀδυνατῶν
378 2491 424 2567 είς
443 2491 685 2575 Συρακούσσας
708 2492 932 2575 διασωθῆναι,
954 2491 1114 2572 βουλόμε-

94 2620 153 2674 νος
180 2596 218 2661 δὲ
245 2596 445 2680 περισπάσαι
472 2601 551 2674 τοὺς
576 2599 830 2683 Καρχηδονίους
857 2599 940 2683 πρὸς
966 2597 1028 2681 τῆν
1056 2617 1114 2662 πο-

95 2705 246 2789 λιορκίαν
269 2714 326 2789 τῆς
350 2702 468 2787 Γέλας,
497 2701 540 2768 ἵν’
560 2705 592 2769 ολ
615 2707 820 2789 Συρακόσιοι
848 2706 975 2788 πολλὴν
999 2705 1114 2768 άδειαν

95 2821 198 2896 σχῶσι
231 2811 428 2895 συγκομίσαι
463 2813 541 2887 τοὺς
577 2811 739 2896 καρπούς,
776 2807 1017 2894 ἀναγκάζοντος
1054 2819 1114 2875 τοῦ

51 2938 77 2980 ει
94 2928 221 2999 καιροῦ.
272 2917 289 2983 ὁ
321 2918 352 2982 δ’
373 2916 524 3000 Ἀμίλκας
553 2919 590 2982 τὸ
618 2917 680 3000 μὲν
706 2929 840 3003 πρῶτον
868 2915 1028 3002 ἐπεχείρει
1055 2934 1149 2982 avo-3

96 3028 242 3110 λιορκεῑν
271 3026 332 3108 τῆν
362 3023 479 3108 Γέλαν,
508 3026 766 3107 πυνθανόμενος
795 3024 833 3089 δέ
863 3023 900 3090 ἐν
926 3025 1030 3113 ταύτη
1058 3025 1114 3102 καί

165 3215 348 3288 3γινόμενοι
370 3219 399 3273 F.
447 3217 474 3273 ολ
497 3218 604 3289 πολλοὶ]
628 3219 725 3273 πολλοὶ
743 3219 773 3273 Γ.
808 3267 815 3293 ι
846 3213 1046 3287 όγιγνόμενοι
1063 3215 1115 3269 RX

94 3287 236 3359 γινόμενοι
258 3290 294 3358 Γ,
319 3287 463 3360 γενόμενοι
488 3290 552 3344 εδδ.
603 3289 722 3361 λάβρως]
745 3290 853 3357 λαύρας
878 3289 908 3343 F.
960 3288 1008 3341 καλ
1032 3286 1111 3342 ταῦτ’

94 3362 199 3416 άλυιιοῦ
222 3360 277 3416 XF.
355 3360 475 3423 δόντες
497 3362 527 3416 F.
566 3361 601 3414 de
624 3378 654 3415 re
678 3362 712 3416 cf.
728 3361 799 3417 vitr.
819 3360 884 3414 VHI
903 3365 932 3426 33
956 3359 1115 3429 Schubring

93 3432 146 3486 Rh.
157 3432 195 3487 M.
209 3431 325 3486 XXVIH
343 3451 369 3502 p.
386 3437 446 3487 131.
515 3432 549 3486 11
568 3435 723 3499 περιπεσὼν
743 3433 791 3486 καλ
809 3432 875 3494 τούς
892 3431 924 3484 Γ.
991 3431 1031 3482 Rs
1048 3431 1123 3480 ῦπα-

93 3501 398 3642 Ξῗχχῆχχνὲιέγνωκε]
418 3505 601 3576 άναζευγνύει
617 3504 682 3560 RK.
739 3503 780 3559 <m
800 3499 890 3557 αῦτῖιν
903 3501 950 3552 K
1005 3497 1056 3546 Ἃ
1070 3495 1148 3540 λιπο-
