2460 3848
107 207 150 273 34
467 202 581 257 Diodor.
591 201 655 257 XIX
670 207 767 259 18.19.

106 373 164 427 τας
185 346 365 435 προσέταξε
387 354 579 434 πολιορκεῖν
601 350 663 434 τὴν
686 350 792 433 ὀίκραυ
815 347 1037 426 ἀπειθοῦντος
1060 348 1129 434 [δὲ]

107 456 296 541 Ξενοφίλου
332 465 392 521 τοῦ
426 455 746 541 θησαυροφύλακος,
783 454 884 533 αὐτὸς
916 455 1016 541 <δὲ>
1047 457 1131 539 μετὰ

106 570 165 649 τῆς
186 571 341 649 στρατιᾶς
362 561 533 642 ἀνέζευξεν
551 560 607 628 ἐπὶ
628 565 707 640 τοὺς
730 564 923 646 πολεμίους,
946 563 1048 648 οόσης
1069 569 1131 648 τῆς

106 671 188 737 ὀδοῦ
210 669 450 753 καυματώδους
471 669 527 735 καί
549 675 718 747 παντελῶς
740 667 958 735 ἐπικινδύνου
986 667 1131 747 ξενικαῖς

106 778 268 860 δυνάμεσι
295 777 453 843 διελθεῖν.
500 777 553 842 διὸ
580 776 721 854 καὶτὰς
747 778 884 862 πορείας
904 776 1130 860 ἠναγκάζοντο
1164 800 1176 841 τ

106 885 227 961 νυκτὸς
251 890 424 950 ποιεῖσθαι
450 883 506 949 καί
534 883 857 970 στρατοπεδεύεσθαι
882 883 960 969 περὶ
986 884 1047 949 τὸν
1069 905 1131 949 πο-

70 992 211 1074 εταμὸν
242 991 323 1076 πρίν
354 991 451 1075 ἥλιον
483 988 683 1056 ἀνατέλλειν.
735 990 775 1056 ού
807 990 874 1074 μὴν
902 990 1059 1076 ἠδυνήθη
1090 1015 1131 1074 γε

105 1099 187 1163 κατὰ
218 1097 327 1163 πάντα
358 1098 496 1173 ἄθικτος
527 1095 687 1182 γενέσθαι
718 1107 786 1162 τῶν
817 1098 899 1163 κατὰ
926 1099 989 1183 τὴν
1015 1099 1130 1183 χώραν

106 1215 227 1289 κακῶν,
273 1204 357 1271 ἀλλὰ
401 1206 519 1289 καίπερ
565 1202 788 1289 ἐνδεχομένως
832 1205 962 1270 ἅπαντα
1002 1203 1131 1290 πράξας

105 1315 250 1396 συχνοὺς
279 1310 422 1394 ἀπέβαλε
449 1321 517 1376 τῶν
541 1322 750 1395 στρατιωτῶν
773 1312 830 1376 διδ
851 1312 913 1396 τὴν
935 1311 1130 1398 ύπερβολην
1149 1338 1176 1378 ιο

104 1428 164 1484 τοῦ
196 1419 377 1502 καύματος,
409 1418 466 1483 άτε
497 1416 552 1483 καί
583 1423 643 1502 τῆς
672 1418 760 1503 ὥρας
789 1419 891 1504 οόσης
920 1418 997 1504 περὶ
1025 1421 1130 1498 κυνὸς

69 1525 275 1604 οάνατολάς.
328 1524 401 1592 ἐπεὶ
432 1524 470 1590 δὲ
499 1528 712 1610 παρεγενήθη
742 1526 826 1611 πρὸς
854 1526 915 1591 τὸν
944 1526 1129 1612 Κοπράτην

104 1636 263 1717 ποταμόν,
286 1633 327 1698 τά
349 1633 433 1717 πρὸς
454 1633 517 1716 τὴν
539 1631 696 1714 διάβασιν
718 1632 985 1718 παρεσκευάζετο.
1029 1628 1130 1712 οὗτος

93 1741 142 1811 ,δὲ
160 1737 197 1807 ἔκ
214 1763 306 1817 τινος
324 1739 457 1826 ὀρεινῆς
476 1737 561 1824 ῥέων
579 1735 751 1816 ἐξέπιπτεν
769 1741 817 1817 είς
834 1740 895 1805 τὸν
913 1743 1128 1826 Πασιτίγριν,

104 1846 141 1925 ὃς
160 1846 272 1932 ἀπεῖχε
290 1852 350 1932 τῆς
367 1846 543 1928 Εὐμενοῦς
561 1847 815 1931 στρατοπεδείας
833 1847 990 1925 σταδίους
1007 1847 1128 1933 ὀγδοη-
1148 1871 1174 1912 ιε

103 1978 206 2020 κοντα
231 1953 287 2019 καί
313 1954 352 2019 τὸ
379 1952 441 2036 μὲν
463 1952 586 2029 πλάτος
613 1946 702 2038 εἶχεν
724 1953 769 2031 ὡς
791 1952 834 2018 δν
855 1953 1027 2039 τεσσάρων
1049 1955 1129 2021 πλύ-

103 2067 210 2148 θρων,
234 2058 312 2139 ὀξύς
334 2060 373 2126 δὲ
395 2061 444 2125 διν
464 2058 502 2125 ἐν
524 2069 564 2145 τῇ
587 2071 761 2148 καταφορᾷ
781 2061 974 2146 προσεδεῖτο
997 2063 1128 2128 πλοίων

68 2167 123 2252 εῆ
160 2168 345 2252 ζεύγματος.
404 2166 600 2249 καταλαβὼν
637 2165 667 2230 δ’
698 2166 795 2251 ὀλίγα
834 2172 935 2233 πλοῖα
973 2171 1180 2236 κοντωτὰσσε

103 2275 294 2357 διεβίβασεν
329 2271 368 2339 ἐν
399 2273 529 2350 τούτοις
564 2273 657 2350 τινάς
688 2282 756 2338 τῶν
787 2277 904 2358 πεζῶν,
940 2272 1128 2360 προστάξας

102 2381 233 2466 τάφρον
260 2380 413 2465 ὀρύττειν
434 2380 490 2445 καί
517 2379 644 2464 χάρακα
671 2379 877 2463 βαλομένους
899 2380 1127 2467 ὑποδέχεσθαι
1145 2405 1172 2445 εο

103 2488 164 2572 τὴν
197 2487 317 2571 λοιπὴν
349 2486 502 2568 δύναμιν.
556 2485 710 2571 Εὐμενὴς
742 2486 780 2552 δὲ
811 2490 1004 2570 πυθόμενος
1035 2491 1127 2575 παρὰ

102 2604 170 2659 τῶν
191 2594 409 2658 κατασκόπων
430 2595 493 2679 τὴν
520 2591 680 2677 ἐπιβολὴν
706 2604 774 2659 τῶν
800 2597 979 2679 πολεμίων,
1006 2595 1127 2679 διαβὰς

102 2701 140 2766 τὸ
169 2703 289 2784 ζεῦγμα
315 2707 376 2765 τοῦ
405 2700 558 2785 Τίγριδος
585 2701 666 2783 μετὰ
693 2712 902 2786 στρατιωτῶν
929 2702 991 2785 μὲν
1017 2705 1126 2782 πεζῶν

102 2807 381 2892 τετρακισχιλίων,
407 2806 533 2872 ἱππέων
552 2806 590 2872 δὲ
611 2810 728 2892 χιλίων
745 2810 945 2893 τριακοσίων
964 2809 1126 2893 κατέλαβε

103 2915 340 2998 διαβεβηκότας
366 2924 434 2979 τῶν
453 2913 645 2997 Ἀντιγόνου
672 2917 789 2993 πεζοὺς
814 2915 875 2997 μὲν
898 2918 1033 2992 πλείους
1055 2927 1126 2982 τῶν
1144 2938 1170 2979 ει

173 3071 231 3126 1.2
255 3070 285 3125 δὲ
308 3073 373 3140 post
395 3067 480 3133 αότός
502 3072 597 3140 posuit
616 3071 733 3139 Reiske,
757 3074 822 3140 post
839 3072 1028 3135 ἀπειθοῦντος
1046 3072 1124 3129 libri.

102 3143 120 3199 8
139 3143 265 3213 άθηκτος
283 3142 312 3196 δ’.
386 3141 421 3196 12
439 3141 568 3204 ἐπιτολάς
585 3142 615 3197 F.
652 3142 816 3214 Κοπράτην]
837 3143 871 3197 cf.
887 3143 978 3198 Strab.
993 3144 1045 3198 XV
1060 3149 1086 3212 θ,
1098 3152 1123 3202 6.

102 3214 138 3270 13
156 3217 220 3283 post
237 3209 364 3283 ποταμόν
382 3213 405 3266 F
424 3213 517 3268 addit:
537 3210 633 3286 ἐπέσχε
651 3223 700 3285 τῆς
718 3212 834 3282 πορείας
850 3215 908 3270 καί.
976 3214 1013 3270 14
1030 3219 1126 3272 Πασι-

102 3284 204 3358 τίγριν]
226 3282 331 3355 Τίγρην
345 3285 375 3351 F,
395 3288 472 3339 Παοι
490 3286 680 3354 suprascripto
700 3285 736 3340 ab
755 3285 804 3339 alt.
819 3303 855 3340 m.
920 3287 956 3341 15
973 3283 1005 3349 ὃς
1023 3286 1094 3341 άπεῑ
1111 3309 1124 3344 ε

102 3360 158 3413 κτλ.
177 3357 277 3427 ingens
291 3356 409 3410 Diodori
427 3371 503 3410 error
521 3356 566 3426 (cf.
581 3355 646 3410 XIX
661 3359 749 3427 17‚4).
786 3364 835 3426 τῆς
848 3357 898 3427 μὲν
912 3357 1088 3426 mmm-R
1118 3404 1124 3414 .

91 3429 244 3496 σταθμούς
257 3425 319 3483 EX.
393 3426 509 3483 17-19
531 3430 693 3496 προσεδεῖτο
716 3426 822 3483 πλοίων
845 3437 991 3484 κοντωτῶν
1009 3429 1060 3483 καί
1079 3433 1125 3486 δι-

56 3491 260 3612 έβζθασενδῐ
309 3499 349 3556 20
360 3501 451 3573 βαλλο
487 3501 603 3566 νουςδ.
640 3496 834 3584 ἀποδέχεσθαι
842 3500 892 3555 πελ
901 3500 1124 3568 προοδ.1λείε1τε.
1159 3494 1163 3501 ’

121 3561 263 3635 firmos·
280 3571 319 3642 Ε·
339 3572 379 3630 ef.
398 3573 428 3630 X
490 3581 539 3647 17,
554 3580 580 3632 3.
621 3577 714 3642 πεζῶν
733 3572 784 3644 μδυ
799 3570 891 3627 Dm&

539 3704 558 3755 ὶ
