2460 3848
129 200 195 266 212
496 195 781 252 Diodor.xx2s.29.

129 344 302 426 βασιλείαν
334 341 498 428 Ἡρακλέα
534 343 594 408 τὸν
626 339 844 428 Ἀλεξάνδρου
880 342 936 408 καλ
972 344 1151 426 Βαρσίνης,

130 449 330 534 Κάσανδρος
352 449 390 515 δὲ
412 449 839 535 καταστρατοπεδεύσαντος
863 449 966 515 αὐτοῦ
989 449 1066 535 περὶ
1088 450 1151 534 τήν

129 556 338 640 καλουμένην
361 557 564 641 Στυμφαίαν
589 552 670 639 ήκεν
692 557 773 639 μετὰ
799 565 857 640 της
882 556 1062 639 δυνάμεως.
1108 557 1150 621 οά

129 664 259 748 μακράν
286 662 325 728 δὲ
351 673 419 728 τῶν
445 665 665 748 παρεμβολῶν
692 662 888 748 ἀπεχουσῶν
915 662 1068 747 ἀλλήλων
1095 663 1152 728 καί

129 781 197 836 τῶν
214 770 425 835 Μακεδόνων
443 769 505 835 οὐκ
528 769 637 854 ἀηδῶς
660 768 817 855 δρώντων
839 770 901 854 τήν
920 770 1072 835 κάθοδον
1090 777 1151 835 τοῦ
1183 790 1196 830 ε

129 875 305 960 βασιλέως,
342 877 454 953 δείσας
491 876 509 942 ὁ
541 877 741 963 Κάσανδρος
776 879 901 961 μήποτε
935 877 1036 962 φύσει
1066 878 1152 963 πρὸς

130 983 316 1066 μεταβολήν
352 983 446 1059 όντες
482 980 568 1061 ὀξεῖς
604 984 637 1048 οί
668 984 864 1059 Μακεδόνες
900 982 1152 1068 αὐτομολήσωσι

130 1090 213 1176 πρὸς
245 1090 305 1154 τὸν
332 1087 512 1175 Ἡρακλέα,
549 1089 828 1175 διεπρεσβεύσατο
859 1090 943 1176 πρὸς
975 1089 1152 1172 Πολυπέρ-

94 1213 240 1282 εχοντα.
275 1197 332 1262 καί
353 1196 430 1281 περί
453 1196 514 1279 μὲν
536 1205 597 1262 τοῦ
620 1195 781 1280 βασιλέως
804 1194 956 1281 ἐπειρᾶτο
980 1197 1152 1262 διδάσκειν

130 1305 234 1369 αὐτὸν
263 1304 315 1370 δτι
343 1302 521 1388 γινομένης
550 1313 608 1387 τής
636 1304 788 1369 καθόδου
818 1307 949 1389 ποιήσει
977 1304 1015 1368 τὸ
1047 1320 1152 1389 προσ·
1171 1325 1197 1365 ιο

129 1413 330 1494 ταττόμενον
351 1407 412 1496 ὑφ’
430 1408 562 1495 ἑτέρων,
588 1411 900 1494 συναγωνισάμενος
923 1410 961 1475 δὲ
984 1410 1072 1496 αὐτῷ
1095 1410 1153 1476 καλ

129 1521 189 1584 τὸν
211 1520 390 1584 νεανίσκον
413 1517 542 1583 ἀνελὼν
564 1527 761 1603 παραχρῆμα
783 1518 845 1600 μὲν
868 1517 1072 1602 ἀπολήψεται
1093 1518 1153 1594 τάς

130 1623 416 1710 προγεγενημένας
449 1625 532 1690 κατά
563 1625 782 1690 Μακεδονίαν
813 1624 953 1710 δωρεάς,
990 1617 1060 1689 εἶτα
1096 1624 1153 1689 καὶ

130 1732 275 1813 δύναμιν
294 1730 471 1813 ἀναλαβὼν
490 1732 672 1816 στρατηγὸς
690 1730 967 1817 ἀποδειχθήσεται
989 1730 1067 1813 περί
1085 1734 1153 1795 Πε-

131 1839 342 1922 λοπόννησον
364 1837 421 1903 καί
443 1837 579 1903 πάντων
601 1847 669 1903 τῶν
692 1836 729 1903 ἐν
752 1846 791 1923 τῇ
815 1839 996 1925 δυναστείᾳ
1017 1846 1058 1923 τη
1082 1840 1197 1902 Koa-1⁵

131 1943 279 2029 σάνδρου
302 1945 464 2021 κοινωνὸς
488 1940 594 2028 ἔσται,
621 1945 803 2026 τιμώμενος
826 1945 1003 2030 διαφόρως.
1049 1943 1152 2030 πέρας

131 2051 168 2116 δὲ
195 2056 334 2130 πολλαῖς
359 2051 415 2117 καί
442 2051 598 2134 μεγάλαις
625 2049 835 2135 ἐπαγγελίαις
859 2053 975 2128 πείσας
998 2051 1058 2116 τὸν
1081 2054 1150 2116 Πο-

131 2157 339 2244 λυπέρχοντα
365 2158 420 2224 καί
448 2161 621 2242 συνθήκας
649 2155 687 2222 έν
715 2156 914 2244 ἀπορρήτοις
944 2156 1153 2240 συνθέμενος

95 2280 111 2329 3
130 2265 355 2350 προετρέψατο
374 2266 600 2347 δολοψονῆσαι
618 2265 678 2329 τὸν
696 2263 841 2347 βασιλέα.
879 2264 897 2330 δ
919 2264 956 2329 δὲ
975 2264 1152 2350 Πολυπέρ-

129 2397 199 2458 χων
221 2372 349 2437 ἀνελὼν
371 2371 432 2436 τὸν
458 2371 636 2437 νεανίσκον
662 2371 717 2436 καλ
741 2382 893 2457 φανερῶς
917 2383 1152 2457 κοινοπραγῶν
1171 2391 1197 2431 ιο

130 2489 200 2555 τοῖς
231 2477 308 2564 περί
339 2478 399 2542 τὸν
430 2476 634 2563 Κάσανδρον
664 2476 723 2554 τάς
756 2479 786 2542 τ’
812 2477 850 2544 ἐν
881 2487 921 2564 πή
953 2479 1152 2566 Μακεδονία

131 2585 257 2669 δωρεάς
286 2582 460 2666 ἐκομίσατο
489 2583 545 2649 καλ
576 2585 658 2650 κατὰ
690 2586 747 2660 τὰς
776 2584 953 2669 ὁμολογίας
984 2584 1152 2671 παρέλαβε

132 2692 331 2776 στρατιώτας
367 2694 485 2770 πεζοὺς
522 2691 584 2773 μὲν
619 2692 820 2769 Μακεδόνας
859 2693 1152 2777 τετρακισχιλίους,

95 2799 242 2875 είππελς
265 2798 303 2864 δὲ
327 2800 512 2876 Θετταλοὺς
535 2800 781 2875 πεντακοσίους.
820 2801 1090 2884 προσλαβόμενος
1114 2799 1152 2865 δὲ

131 2906 186 2971 καλ
212 2917 280 2970 τῶν
307 2906 418 2971 ἀλλων
441 2908 519 2983 τοὺς
546 2904 773 2989 βουλομένους
800 2904 989 2992 ἐπεχείρησε
1011 2906 1072 2989 μὲν
1096 2907 1153 2972 διὰ
1171 2927 1198 2970 ει

201 3063 220 3118 3
248 3060 429 3135 Στυμφαίαν]
461 3059 647 3132 Στυμφαλίαν
679 3062 773 3130 codd.;
806 3079 875 3118 corr.
903 3063 1005 3130 Palm.;
1038 3065 1153 3133 saepius

133 3132 269 3203 Τυμφαία
283 3134 363 3188 audit
378 3133 422 3204 (cf.
437 3134 557 3189 Mueller
570 3135 608 3189 ad
621 3134 692 3190 Ptol.
707 3134 747 3188 III
762 3140 804 3202 12,
813 3137 872 3204 40);
888 3137 919 3189 at
932 3135 966 3189 cf.
980 3134 1058 3189 XVH
1071 3139 1115 3203 57,
1126 3142 1152 3190 2.

131 3204 199 3273 μετὰ
217 3214 272 3260 τῶν
291 3205 437 3274 δυνάμεων
454 3205 488 3260 X.
550 3206 564 3260 7
584 3205 803 3276 αότομολήσονσι
816 3205 867 3260 RX
885 3205 904 3261 f.
919 3224 954 3273 r.;
974 3207 1009 3260 cf.
1024 3207 1153 3262 Kflhner·

131 3275 219 3331 (λεπτὴ
236 3276 297 3331 Πλ
320 3296 347 3347 p.
368 3283 420 3330 394
428 3295 468 3346 sq.
545 3276 579 3331 11
605 3274 688 3345 ἑτέρω
710 3276 744 3332 X.
821 3277 857 3332 13
881 3278 931 3332 καὶ
955 3277 1029 3332 κατὰ
1053 3283 1153 3333 Μακε-

131 3346 232 3403 δονίαν
250 3349 280 3403 F.
353 3348 388 3402 15
410 3357 460 3403 τοῦ
478 3347 649 3417 Κασάνδρου
668 3331 702 3416 λίς
726 3348 757 3403 ἐν
777 3353 811 3421 τῇ
831 3347 983 3424 δυναστείᾳ
1000 3357 1049 3420 της
1068 3348 1154 3419 οὔσης

123 3417 160 3472 ἐν
183 3424 223 3492 τᾷν
242 3419 404 3493 Κασάνδρῳ
431 3418 464 3474 Χ.
546 3420 582 3474 16
610 3417 801 3489 διαφερόντως
825 3420 954 3475 Kallenb.
977 3421 991 3474 I
1013 3426 1077 3490 μθ
1106 3422 1152 3491 (οδ.

95 3485 215 3614 ἐξῆ),
236 3495 271 3564 7).
349 3493 386 3549 17
404 3490 542 3558 πολλάκις
559 3492 592 3548 F.
661 3492 700 3547 ς11
717 3491 781 3560 περὶ
801 3497 834 3546 Κ.
850 3491 885 3547 Χ.
924 3490 949 3545 τ’
966 3509 1020 3547 om.
1035 3493 1066 3559 F,
1085 3494 1152 3549 add.
