2460 3848
105 220 171 286 230
459 216 635 273 Diodor.XX
649 222 771 272 39-41.

69 365 269 430 ετύττισαν.Ι
316 362 334 429 ὁ
370 363 408 429 δέ
441 362 607 447 δυνάστης
642 365 764 447 στήσας
796 364 958 447 τρόπαιον
991 365 1031 429 τά
1064 364 1126 447 μέν

105 468 240 556 λάφυρα
268 470 408 535 διείλετο
435 479 506 547 τοῖς
533 470 761 555 στρατιώταις,
789 469 878 547 ὅπως
905 470 1020 554 μηδείς
1047 470 1127 554 άγα-

105 578 251 667 νακτήση
278 576 356 663 περὶ
383 587 449 643 τῶν
477 576 710 661 ἀπολωλότων,
738 579 818 655 τοὺς
847 575 878 641 δ’
901 577 1128 662 αἰχμαλώτους

97 678 262 767 Ἓλληνας
293 687 372 761 τούς
404 682 754 769 συστρατευσαμένους
785 692 856 760 τοίς
882 684 1128 769 Καρχηδονίοις

71 789 153 867 οείς
175 813 208 855 τι
231 790 397 877 φρούριον
421 790 573 857 ἀπέθετο.
614 785 707 856 οὗτοι
724 789 786 873 μὲν
804 784 868 855 οὖν
887 790 1128 874 εὐλαβούμενοι
1161 812 1173 852 τ

105 898 167 982 τήν
185 896 250 963 άπὸ
273 906 334 963 τοῦ
357 898 526 963 δυνάστου
550 898 711 983 τιμωρίαν
731 896 852 974 νυκτὸς
875 895 1035 963 ἐπέθεντο
1058 907 1129 975 τοῖς

106 1002 211 1089 ἐντῷ
236 1006 389 1092 φρουρίω
412 1005 467 1070 καί
489 1013 529 1090 τή
553 1005 639 1094 μάχη
661 1004 881 1090 κρατούμενοι
905 1004 1127 1087 κατελάβοντο

106 1112 210 1176 τόπον
240 1109 396 1196 ἐρυμνόν,
426 1112 521 1189 ὄντες
550 1112 612 1177 ούκ
642 1109 798 1187 ἐλάττους
826 1121 894 1176 τῶν
922 1113 1050 1197 χιλίων,
1080 1106 1129 1177 ὧν

71 1233 87 1282 ο
105 1213 192 1300 ήσαν
206 1220 411 1304 Συρακόσιοι
428 1220 565 1296 τελείους
582 1229 650 1284 τῶν
668 1219 908 1284 πεντακοσίων·
925 1219 1130 1302 Ἀγαθοκλῆς

107 1323 145 1389 δέ
167 1326 360 1408 πυθόμενος
382 1326 420 1390 τὸ
443 1324 677 1413 πεπραγμένον
694 1321 753 1409 ήκε
775 1325 856 1407 μετά
878 1334 936 1409 τῆς
957 1325 1130 1407 δυνάμεως
1149 1347 1175 1387 ιο

106 1431 161 1496 καὶ
183 1432 404 1516 καταβιβάσας
426 1431 664 1509 ὑποσπόνδους
685 1434 764 1509 τοὺς
786 1430 1006 1514 ἐπαθεμένονς
1024 1432 1129 1497 ἅπαν-

106 1560 165 1615 τας
187 1535 385 1623 ἀπέσφαξεν.

52 1642 97 1709 40
176 1645 254 1710 Ἀπὸ
282 1645 333 1713 δὲ,
346 1654 405 1728 τῆς
431 1644 536 1731 μάχης
566 1645 688 1730 ταύτης
721 1647 901 1730 γενόμενος
933 1645 989 1711 καλ
1021 1645 1130 1711 πάντα

106 1760 146 1837 τή
175 1751 309 1838 διανοίη
336 1753 563 1835 σκοπούμενος
588 1753 672 1836 πρὸς
694 1753 732 1818 τὸ
756 1753 872 1834 λαβεῖν
894 1754 974 1829 τοὺς
996 1755 1130 1837 Καρχη-

108 1859 245 1936 δονίους
261 1858 476 1945 ὑποχειρίους
493 1858 651 1941 ἐξέπεμψε
670 1859 878 1944 πρεσβευτήν
888 1856 1051 1943 Ὄρθωνα
1069 1861 1130 1925 τὸν
1150 1879 1175 1921 ιο

107 1967 321 2051 Συρακόσιον
344 1967 426 2052 πρὸς
445 1965 607 2051 Ὀφέλλαν
630 1966 678 2042 εἰς
700 1969 872 2051 Κυρήνην.
918 1961 1016 2043 οὗτος
1039 1964 1069 2030 δ’
1086 1961 1130 2050 ήν

107 2072 168 2155 μὲν
204 2083 273 2138 τῶν
309 2076 419 2159 φίλων
451 2084 519 2138 τῶν
551 2070 885 2155 συνεστρατευμένων
915 2071 1130 2159 Ἀλεξάνδρῳ,

107 2180 273 2264 κυριεύων
296 2181 334 2247 δὲ
356 2191 424 2246 τῶν
446 2179 523 2264 περὶ
541 2182 704 2265 Κυρήνην
727 2181 858 2244 πόλεων
878 2179 934 2245 καί
957 2179 1130 2262 δυνάμεως

108 2286 212 2373 ἁδρᾶς
247 2287 459 2373 περιεβάλετο
495 2296 568 2363 ταῖς
604 2284 714 2351 ἐλπίσι
749 2287 882 2368 μείζονα
919 2287 1130 2352 δυναστείαν.

73 2395 266 2478 κτοιαύτην
298 2388 361 2459 ούν
397 2393 501 2458 αὐτοῦ
534 2393 688 2458 διάνοιαν
719 2390 854 2479 ἔχοντος
884 2389 965 2477 ήκεν
996 2393 1014 2458 ὁ
1047 2395 1127 2478 παρ’
1150 2414 1177 2454 ιο

106 2500 348 2585 Ἀγαθοκλέους
393 2503 611 2585 πρεσβευτής,
656 2499 757 2578 ἀξιῶν
798 2505 1131 2585 συγκαταπολεμῆσαι

108 2607 375 2693 Καρχηδονίους·
399 2607 475 2672 ἄντί
497 2607 535 2672 δέ
557 2606 678 2691 ταύτης
700 2618 759 2692 τής
781 2608 893 2693 χρείας
911 2606 1129 2691 ἐπηγγέλλετο

108 2715 168 2779 τὸν
202 2713 405 2797 Ἀγαθοκλέα
446 2717 675 2800 συγχωρήσειν
712 2713 800 2802 αὐτῷ
841 2724 909 2779 τῶν
945 2713 983 2780 ἐν
1019 2714 1130 2804 Λιβύη

74 2821 310 2907 οπραγμάτων
341 2821 519 2907 κυριεύειν.
574 2816 660 2887 εἶναι
695 2822 759 2907 γάρ
798 2822 916 2906 ἱκανήν
948 2821 1037 2909 αὐτῷ
1068 2823 1131 2906 τήν

109 2929 279 3011 Σικελίαν,
308 2927 351 2994 ἵν’
373 2926 429 3014 ἐξή
457 2939 524 2994 τῶν
547 2926 611 2994 άπὸ
639 2937 697 3012 τῆς
720 2929 939 3013 Καρχηδόνος
960 2928 1131 2993 κινδύνων
1151 2948 1178 2988 ει

109 3032 365 3118 ἀπαλλαχθέντα
391 3036 462 3119 μετ’
483 3036 595 3112 άδείας
621 3044 756 3121 κρατείν
778 3035 907 3120 ἁπάσης
931 3045 989 3120 τῆς
1010 3037 1131 3119 νήσου·

109 3148 333 3228 παρακεῖσθαι
356 3143 394 3207 δὲ
416 3143 471 3208 καί
494 3145 555 3228 τήν
574 3142 717 3208 Ἰταλίαν
735 3142 824 3230 αύτῷ
847 3143 932 3227 πρὸς
950 3139 1132 3226 ἐπαύξησιν

180 3299 198 3353 2
225 3301 308 3354 διεῖλε
333 3301 363 3355 Κ.
436 3300 454 3354 5
479 3300 520 3362 είς
541 3320 569 3355 τι
592 3300 741 3371 φρούριον]
765 3300 806 3361 είς
825 3296 856 3354 τδ
878 3300 1016 3368 φρούριον
1035 3299 1131 3366 ουδεὶς

106 3385 177 3424 σοιν,
193 3370 283 3425 Wess.
290 3371 344 3500 χαί.
360 3371 477 3456 MelIzer
489 3372 503 3425 Ι
516 3390 543 3440 p.
554 3378 625 3432 526).
663 3368 751 3443 οὗτοι]
772 3371 852 3426 αύτολ
866 3370 945 3436 libri;
961 3388 1030 3461 corf.
1045 3370 1131 3425 Dind.

90 3437 115 3492 8
139 3437 249 3514 τόπον]
272 3445 289 3498 ί
309 3464 367 3515 φον
395 3444 496 3514 Ι)ιιιδ.;
525 3445 557 3500 αθ
582 3443 618 3500 ef.
641 3442 701 3498 Pol.
721 3441 736 3495 I
757 3446 802 3509 30,
815 3447 839 3497 8.
922 3442 957 3496 13
981 3461 1073 3509 παντη
1097 3442 1131 3496 R.

61 3505 291 3641 ὥῗίεῗίχν]
306 3520 341 3576 cf.
358 3518 458 3576 XVIII
473 3525 556 3591 21,‘1.
606 3517 641 3574 λλ
660 3509 998 3584 ουνεστρατουομλυωυὶ.
1034 3511 1137 3583 meu
