2460 3848
438 185 592 253 01.11⁷,4:
612 189 664 240 εοε
679 201 703 240 ι.
715 183 777 240 Ohr.
1052 185 1118 252 215

98 329 241 415 ἐβαλλον
264 333 342 408 τούς
369 329 537 414 ἐπιόντας,
563 330 652 408 τινὲς
679 329 717 396 δὲ
743 331 822 406 τοὺς
849 329 1025 415 εὐκαίρους
1051 341 1119 395 τῶν

97 441 210 505 τόπων
232 439 474 521 καταλαβόντες
501 436 675 503 ἀπέκλειον
697 446 756 520 τῆς
783 436 865 502 ὁδοῦ
888 440 968 513 τοὺς
995 437 1119 520 βαρβά-

98 568 193 632 ρους,
226 547 321 611 ἀλλοι
352 545 390 611 δέ
421 545 504 609 κατά
536 554 604 610 τῶν
634 553 791 630 κρημνῶν
822 545 902 620 τούς
933 543 1120 628 φεύγοντας

98 653 227 739 ῥίπτειν
259 650 399 728 ἑαυτοὺς
430 650 627 744 ήνάγκαζον·
662 650 718 715 διὰ
748 652 813 736 γάρ
844 651 883 715 τὸ
916 652 1033 727 σκότος
1063 650 1119 715 καί

66 761 159 845 ετήν
200 761 341 844 ἀγνοιαν
380 757 628 843 ὑπελήφθησαν
667 757 792 848 μεγάλη
834 756 974 840 δυνάμει
1014 778 1119 843 παρα-

97 866 271 951 γεγονέναι
298 865 381 951 πρὸς
408 865 470 948 τήν
495 862 658 931 ἐπίθεσιν.
704 866 737 930 οἱ
764 864 802 929 δὲ
824 864 1052 950 Καρχηδόνιοι
1078 864 1119 930 τὰ
1138 884 1171 934 10

96 973 159 1056 μὲν
182 974 237 1039 διά
264 973 416 1057 τὴντῶν
445 971 540 1036 ἰδίων
562 974 720 1057 ταραχήν,
747 973 788 1037 τὰ
814 971 853 1036 δέ
880 972 936 1036 διά
962 972 1025 1056 τήν
1050 982 1118 1037 τῶν

97 1082 265 1163 πολεμίων
297 1077 496 1164 ἐπιφάνειαν
527 1075 775 1162 ἐλαττούμενοι,
812 1077 952 1160 μάλιστα
989 1078 1026 1144 δέ
1063 1079 1118 1144 διδ

96 1189 158 1272 τήν
181 1187 336 1273 ἀπειρίαν
355 1197 423 1251 τῶν
441 1187 553 1251 τόπων
573 1185 629 1250 καί
652 1187 875 1269 στενοχωρίαν
893 1182 1119 1270 ἀπορούμενοι

50 1314 78 1354 ιο
97 1295 180 1379 πρὸς
208 1294 321 1378 φυγήν
348 1290 546 1378 ἐτράπησαν.
592 1292 653 1357 οὐκ
681 1290 826 1377 ἐχόντων
850 1292 887 1357 δέ
914 1302 982 1357 τῶν
1006 1294 1118 1359 τόπων

97 1401 270 1485 εὐρυχωρῆ
295 1398 447 1477 διέξοδον
466 1400 498 1464 οἱ
520 1398 582 1482 μὲν
599 1398 666 1464 ὐπὸ
689 1409 757 1464 τῶν
777 1399 873 1464 ἰδίων
894 1397 1020 1464 ἱππέων
1039 1414 1118 1464 συν-

97 1516 280 1572 επατοῦντο
303 1510 447 1572 ’πολλῶν
477 1506 596 1589 όντων,
629 1506 662 1570 οί
694 1505 732 1570 δέ
762 1506 846 1592 πρὸς
878 1505 1042 1590 ἀλλήλους
1074 1506 1118 1583 ὡς

96 1613 249 1696 πολέμιοι
271 1613 481 1697 διεμάχοντο,
511 1621 569 1696 τής
596 1611 733 1696 ἀγνοίας
756 1610 955 1698 ἐπισχούσης
978 1614 1034 1679 διά
1056 1614 1118 1698 τήν

96 1720 208 1786 νύκτα.
251 1717 404 1803 Ἀμίλκας
432 1719 470 1784 δὲ
497 1721 535 1784 τὸ
562 1719 624 1801 μὲν
647 1730 780 1805 πρῶτον
801 1719 927 1804 ὑπέστη
955 1722 1033 1797 τοὺς
1058 1741 1118 1786 πο·
1136 1738 1168 1785 11

52 1847 78 1888 ιι
97 1830 230 1910 λεμίους
260 1828 433 1914 εὐρώστως
462 1827 518 1892 καί
549 1829 629 1903 τοὺς
657 1826 734 1912 περὶ
766 1827 869 1893 αὐτὸν
898 1827 1117 1910 τεταγμένους

42 1931 195 2018 ιετήξίου
219 1935 509 2018 συγκινδυνεύειν·
532 1935 613 2017 μετά
636 1933 674 1998 δέ
696 1942 800 1999 ταῦτα
818 1933 874 1998 διά
891 1935 953 2018 τήν
971 1936 1118 2020 ταραχήν

95 2041 151 2106 καί
173 2043 233 2108 τὸν
255 2043 365 2126 φόβον
383 2040 671 2125 ἐγκαταλιπόντων
695 2039 799 2105 αὐτὸν
816 2051 885 2105 τῶν
908 2052 1117 2126 στρατιωτῶν

95 2148 263 2231 μονωθεὶς
289 2148 355 2213 ὑπὸ
382 2159 450 2213 τῶν
479 2150 700 2234 Συρακοσίων
727 2147 932 2233 συνηρπάγη.
983 2148 1118 2227 εἰκότως
1126 2146 1170 2213 30

96 2256 128 2319 δ’
145 2257 188 2320 ἀν
206 2277 256 2331 τις
278 2257 549 2341 παρασημήναιτο
572 2256 635 2340 τήν
658 2254 850 2337 ἀνωμαλίαν
868 2263 926 2337 τῆς
944 2254 1044 2338 τύχης
1062 2255 1117 2320 καί

51 2380 78 2420 20
95 2363 132 2427 τὸ
156 2362 348 2447 παράλογον
365 2372 433 2427 τῶν
452 2363 540 2446 παρὰ
562 2363 621 2438 τάς
640 2361 824 2446 ὑπολήψεις
844 2360 1117 2443 συντελουμένων

95 2471 174 2554 παρ’
200 2468 402 2551 ἀνθρώποις.
448 2470 652 2554 Ἀγαθοκλῆς
683 2468 745 2551 μέν
777 2469 840 2551 γάρ
875 2466 1015 2556 ἀνδρείᾳ
1046 2468 1117 2533 δια·
1188 2517 1190 2522 ι

64 2581 67 2587 ’
96 2574 209 2660 φέρων
240 2576 296 2641 καί
327 2576 456 2659 πολλήν
488 2575 633 2658 δύναμιν
663 2574 807 2659 ἐσχηκὼς
839 2576 901 2659 τήν
931 2591 1116 2660 συναγωνι-

96 2682 242 2766 σαμένην
269 2683 346 2768 περὶ
373 2684 433 2748 τὸν
452 2681 583 2768 Ἱμέραν
611 2682 651 2746 οὐ
679 2684 785 2763 μόνον
808 2681 874 2746 ὑπὸ
902 2693 969 2747 τῶν
992 2683 1117 2769 βαρβά-

96 2812 164 2873 ρων
186 2786 315 2874 ἡττήθη
338 2791 421 2854 κατά
443 2789 577 2873 κράτος,
605 2787 688 2853 ἀλλά
715 2787 771 2853 καί
797 2799 855 2872 της
879 2797 1033 2873 στρατιᾶς
1055 2791 1116 2874 τήν

49 2913 76 2955 ει
94 2897 273 2981 κρατίστην
292 2896 347 2961 καί
365 2898 525 2979 πλείστην
543 2891 722 2978 ἀπέβαλεν·
746 2895 779 2960 ol
802 2895 840 2959 δὲ
857 2899 1017 2982 τειχήρεις
1036 2895 1116 2961 ἀπο-

95 3002 282 3089 ληφθέντες
318 3000 356 3068 ἐν
388 3013 460 3080 ταλς
491 3002 748 3087 Συρακούσσαις
784 2999 899 3091 μικρῷ
926 3003 1018 3087 μέρει
1048 3012 1116 3068 τῶν

165 3196 181 3250 1
200 3197 265 3258 τούς
283 3193 474 3264 παρεπιόντας
487 3196 518 3250 F.
572 3195 589 3249 2
608 3194 869 3266 καταλαμβάνοντες
882 3195 912 3248 F.
968 3192 1116 3265 όύπείλη-

94 3285 150 3334 φον
168 3267 199 3322 Ε.
274 3267 358 3322 λδιά
376 3275 431 3322 τῶν
450 3264 532 3321 ἰδίων
550 3287 573 3321 τ.
592 3267 622 3320 F.
695 3266 753 3321 8.9
772 3266 821 3321 διά
838 3266 890 3337 τήν
909 3263 1041 3334 ἀπειρίαν
1059 3276 1115 3322 τῶν

93 3334 187 3393 τόπων
206 3339 255 3392 καὶ
275 3339 526 3409 στενοχωρούμενοι
544 3337 592 3392 καί
612 3338 801 3407 ἀπορούμενοι
817 3336 851 3390 X.
919 3337 1013 3391 1218
1032 3338 1069 3400 ὡς
1087 3339 1115 3393 οἱ

94 3406 221 3479 πολέμιοι
246 3410 282 3477 F3
315 3411 352 3473 ὡς
378 3408 526 3480 πολεμίους
553 3409 642 3464 Hertl.
669 3409 709 3462 III
735 3427 762 3479 p.
788 3415 829 3463 37.
916 3408 951 3463 15
979 3407 1065 3463 αὐτόν
1090 3409 1118 3460 X

94 3478 196 3536 ἑαυτὸν
218 3482 249 3535 F.
322 3482 357 3537 18
382 3482 523 3551 μονωθεὶς
561 3478 641 3554 μόγις
667 3480 775 3544 σωθεὶς
791 3479 885 3545 Υδεδκχ
904 3477 1143 3531 masmim-

91 3549 130 3604 23
144 3552 208 3619 περὶ
227 3551 278 3622 τήν
294 3550 405 3624 Ἶμίραν
424 3555 460 3624 F;
476 3551 520 3628 Ἰμ
538 3577 592 3628 ραν
610 3556 649 3612 R.
722 3553 766 3609 δεῖ)
785 3540 1081 3617 ἀπολειφθὶυτεεῖ·
