2460 3848
94 199 157 262 170
470 193 584 248 Diodor.
595 193 659 247 XIX
674 198 733 248 110.

92 341 237 423 δύναμιν
264 334 351 405 εἶναι
378 341 439 424 τήν
468 338 682 423 ἀμυνομένην
708 339 764 404 καὶ
791 338 926 405 πάντων
956 339 1117 424 εὐπορεῖν

92 448 151 511 τὸν
172 445 375 530 Ἀγαθοκλέα
402 447 523 530 ταύτης
550 445 611 529 μέν
635 445 759 530 ἀπέστη
787 455 846 530 τής
872 444 1044 531 ἐπιβολῆς,
1075 449 1118 512 τά

92 553 130 619 δὲ
153 553 300 639 φρούρια
322 553 459 631 καὶτὰς
483 555 597 630 πόλεις
623 551 902 638 ἐπιπορευόμενος
928 557 1117 639 προσήγετο

91 661 147 726 καὶ
178 669 281 725 πᾶσιν
313 658 430 745 ἐχρήτο
464 660 728 746 φιλανθρώπως,
765 658 1005 743 ἐκκαλούμενος
1036 663 1119 738 τοὺς

92 767 294 844 Σικελιώτας
322 768 406 853 πρὸς
433 769 578 833 εύνοιαν.
628 767 684 832 καὶ
710 770 936 853 Καμαριναῖοι
965 767 1028 850 μὲν
1060 768 1118 833 καλ
1150 789 1161 830 ε

92 877 283 957 Λεοντῖνοι,
306 875 390 959 πρὸς
413 873 451 939 δὲ
472 875 604 952 τούτοις
622 876 807 939 Καταναῖοι
830 874 886 939 καὶ
913 879 1119 960 Ταυρομενῖ-

92 1002 146 1045 ται
163 990 361 1066 παραχρήμα
380 980 536 1066 πρέσβεις
554 980 777 1064 ἐκπέμψαντες
796 980 1004 1067 προσέθεντο
1023 985 1118 1066 Καρ-

57 1087 273 1171 τχηόονόοις·
300 1088 371 1170 μετ’
389 1087 503 1171 όλῖγας
531 1089 563 1153 δ’
578 1087 703 1172 ἡμέρας
730 1088 766 1152 οἵ
789 1110 824 1152 τε
848 1091 1038 1172 Μεσσήνιοι
1061 1089 1119 1154 καλ

92 1196 315 1276 Ἀβακαινῖνοι
332 1194 388 1259 καλ
411 1194 532 1279 συχναλ
554 1206 622 1261 τῶν
640 1197 771 1260 πόλεων
794 1196 938 1279 ἀλλήλας
961 1194 1119 1279 φθάυου-

94 1316 149 1365 σαι
180 1302 264 1386 πρὸς
292 1298 449 1384 Ἀμίλκαν
482 1303 680 1387 ἀφίσταντο·
717 1303 861 1386 τοσαύτη
898 1311 968 1379 τοῖς
1004 1302 1120 1387 ὄχλοις
1137 1323 1162 1363 ιο

93 1406 249 1473 ἐνέπεσεν
276 1407 360 1494 ὁρμή
388 1409 469 1490 μετὰ
495 1410 558 1493 τήν
584 1405 686 1492 ήτταν
713 1410 770 1474 διὰ
796 1410 834 1473 τὸ
862 1410 946 1494 πρὸς
972 1409 1033 1474 τὸν
1061 1410 1120 1474 τύ-

57 1533 219 1600 εραννον
247 1517 349 1597 μῖσος.
402 1514 419 1580 ὁ
448 1516 480 1579 δ’
499 1514 704 1601 Ἀγαθοκλῆς
732 1512 914 1599 ἀπαγαγὼν
943 1516 1005 1599 τήν
1034 1514 1120 1581 ύπο-

93 1621 307 1704 λελειμμένην
331 1622 476 1704 δύναμιν
499 1625 547 1700 εἰς
570 1623 812 1708 Συρακούσσας
839 1624 879 1687 τὰ
906 1624 1121 1706 πεπονηκότα

91 1739 160 1792 τῶν
186 1739 305 1812 τειχῶν
328 1726 522 1807 ἐπεσκεύαζε
549 1730 604 1795 καλ
631 1732 691 1796 τὸν
715 1727 781 1794 ἀπὸ
809 1736 868 1814 τής
889 1729 998 1815 χώρας
1021 1739 1120 1796 σῖτον

93 1831 281 1919 ἀπεκόμιζε,
311 1835 551 1919 διανοούμενος
577 1843 636 1921 τής
663 1836 724 1920 μὲν
752 1833 879 1913 πόλεως
905 1837 968 1920 τήν
998 1837 1120 1922 ἱκανήν
1138 1858 1162 1899 ιε

94 1942 270 2007 ἀπολιπεῖν
298 1947 463 2028 φυλακήν,
493 1951 552 2028 της
580 1943 618 2008 δὲ
645 1944 828 2027 δυνάμεως·
846 1946 908 2028 τήν
937 1945 1120 2028 κρατίστην

92 2049 246 2132 μετάγειν
269 2050 317 2127 εἰς
339 2051 473 2134 Λιβύην
494 2051 551 2116 καὶ
578 2050 790 2133 μετατιθέναι
815 2052 875 2116 τὸν
898 2047 1046 2132 πόλεμον
1069 2053 1120 2130 εἰς

93 2157 154 2240 τήν
175 2158 316 2243 ἤπειρον
339 2155 376 2222 ἐκ
397 2165 457 2241 τής
479 2160 594 2241 νήσου.

160 2261 274 2346 Ἡμεῖς
307 2263 344 2328 δέ
376 2265 458 2328 κατὰ
489 2266 552 2349 τήν
584 2262 622 2329 ἐν
654 2261 739 2350 ἀρχή
772 2261 938 2350 πρόθεσιν
969 2266 1032 2349 τήν
1069 2267 1120 2343 εἰς

93 2371 226 2454 Λιβύην
246 2369 490 2454 Ἀγαθοκλέους
512 2370 669 2453 όιάβασιν
692 2371 799 2455 ἀρχήν
821 2368 1031 2454 ποιησόμεθα
1058 2378 1120 2456 τῆς
1138 2393 1162 2433 ει

93 2476 255 2561 ἑπομένης
278 2478 408 2567 βίβλουτ

165 2644 180 2697 l
197 2641 392 2713 ἀμννουμένην
406 2644 499 2699 Madv.
513 2644 527 2698 Ι
539 2663 567 2713 p.
578 2649 638 2699 512.
689 2644 707 2698 6
723 2642 927 2714 Τανρομενλται
940 2644 965 2697 R
980 2647 997 2714 (.
1009 2688 1015 2700 .
1026 2642 1120 2701 νεόται

94 2722 118 2770 2.
133 2717 182 2783 m.)
203 2713 413 2784 Ταυρομενόται
430 2715 463 2771 X.
536 2716 765 2786 θἈβακαινῖνοι
799 2713 976 2787 Ἀβακηνένοι
993 2715 1045 2770 RX
1068 2717 1119 2788 (ef,

93 2786 158 2841 XIV
173 2792 215 2853 78,
230 2790 257 2853 5)
279 2784 417 2857 βακλνειοι
435 2787 470 2855 F3
494 2804 563 2843 corr.
584 2787 659 2841 (λλον.
679 2787 724 2857 (cf.
826 2793 868 2854 65,
884 2793 912 2854 63
931 2786 1009 2841 XXII
1028 2794 1072 2855 13,
1088 2795 1120 2860 23

94 2858 190 2927 Steph.
205 2858 270 2927 Byz.
286 2875 306 2912 ε.
317 2876 355 2926 ε.;
376 2859 410 2914 ef.
425 2859 543 2913 Mueller
558 2858 594 2912 ad
608 2858 680 2913 Ptol.
694 2859 734 2912 111
748 2865 773 2925 4,
789 2865 818 2926 ⁷3
836 2859 944 2913 Hfilsen
961 2875 1005 2928 ap.
1020 2859 1120 2918 P.-W.

94 2949 115 2986 ε,
130 2933 174 2999 v.).
212 2929 341 2999 ἀλλήλαις
360 2934 523 2999 φθονοῦσαι
540 2931 571 2986 F,
644 2930 679 2984 12
698 2930 864 3002 ἀπαγαγὼν]
884 2931 1030 2985 ἀπολιπὼν
1050 2930 1121 2989 libri

95 3019 203 3069 omnes;
223 3018 291 3056 corr.
311 3001 401 3056 Rhod.
475 3002 509 3056 17
529 3006 695 3070 μεταθεῖναι
713 3001 743 3055 F.

165 3083 313 3149 Διοόάρου
337 3083 505 3136 Σικελιώτου
531 3082 660 3148 ἱστοριῶν
679 3074 720 3137 If&
747 3081 851 3136 subscr.
872 3081 924 3135 RX
950 3084 1031 3137 Διοθ.
1054 3086 1120 3140 Σικ.

95 3153 277 3224 βιβλιοθήκης
297 3153 437 3223 λστορικής
456 3151 708 3208 ἐννεακαιδέκατον
726 3153 757 3207 F.
