2460 3848
109 163 152 229 ης
469 159 766 217 Diodor.XlX13.14.
856 216 859 221 .

76 314 166 390 ἴτης
188 306 297 393 χώρας
319 308 398 383 τοὺς
421 306 594 383 τοιούτους
615 305 772 391 καρπούς.
818 307 901 393 πρὸς
929 306 967 372 δὲ
989 311 1069 385 τοὺς
1091 306 1131 374 ἐν

108 423 179 491 ταῖς
207 414 275 479 άνω
304 414 516 498 σατραπείαις
542 413 706 497 ἡγεμόνας
732 409 776 497 ἦν
798 413 860 496 μέν
882 413 938 480 καδ
964 416 1131 500 πρότερον

109 519 318 596 ἀπεσταλκὼς
341 521 399 596 τδις
420 520 509 604 παρὰ
531 529 600 585 τῶν
617 519 783 603 βασιλέων
805 517 994 604 ἐπιστολάς,
1016 519 1055 586 έν
1077 513 1132 598 αίς

108 624 151 711 ἦν
176 625 405 712 γεγραμμένον
431 626 539 692 πάντα
566 632 763 713 πειθαρχεῖν
785 627 946 711 Εὐμενεῖ,
973 627 1029 692 καί
1056 629 1131 693 τότε

109 734 147 799 δὲ
173 736 425 819 βυβλιαφόρους
451 732 653 816 ἀπέστειλεν,
682 731 784 812 ἀξιῶν
813 733 965 799 ἀπαντᾶν
992 735 1040 812 είς
1068 736 1132 819 την
1162 756 1174 796 ο

109 843 304 926 Σουσιανὴν
331 840 478 917 ἅπαντας
504 843 584 924 μετά
611 851 679 906 τῶν
708 842 804 906 ίδίων
832 840 1018 925 δυνάμεων,
1046 837 1127 906 καθ’

108 947 149 1013 δν
177 949 218 1033 δὴ
245 949 369 1032 χρόνον
396 945 521 1032 συνέβη
549 947 724 1024 κάκείνους
749 947 947 1033 ἠθροικέναι
969 950 1009 1013 τὰ
1032 963 1131 1033 στρα-

108 1055 231 1120 τόπεδα
253 1055 309 1120 καί
332 1053 638 1139 συνδεδραμηκέναι
661 1056 744 1140 πρὸς
766 1053 931 1139 ἀλλήλους
956 1053 1000 1119 δι’
1017 1052 1132 1140 ἑτέρας

104 1163 229 1245 αἰτίας,
252 1155 381 1247 ὑπὲρ
361 1186 409 1227 ων
432 1160 615 1245 ἀναγκαῖον
637 1171 818 1247 προειπεῖν
1001 1185 1003 1189 ”

58 1268 99 1332 14
180 1271 304 1335 Πίθων
332 1268 499 1353 σατράπης
525 1267 587 1350 μὲν
614 1267 825 1334 ἀπεδέδεικτο
853 1269 1004 1352 Μηδίας,
1032 1284 1131 1353 στρα-
1150 1290 1175 1329 ιο

107 1377 207 1459 τηγὸς
230 1376 268 1441 δὲ
290 1386 358 1441 τῶν
381 1376 450 1441 άνω
474 1386 683 1462 σατραπειῶν
706 1375 843 1440 ἁπασῶν
866 1377 1045 1459 γενόμενος
1071 1378 1131 1440 Φι-

109 1483 217 1549 λώταν
244 1482 306 1566 μὲν
333 1484 392 1549 τὸν
423 1481 682 1567 προϋπάρχοντα
709 1484 912 1567 Παρθυαίας
939 1483 1181 1568 στρατηγὸυοεε

108 1588 292 1672 ἀπέκτεινε,
320 1591 379 1656 τὸν
407 1589 445 1654 δὲ
472 1588 576 1654 αὑτοῦ
599 1587 749 1673 ἀδελφὸν
771 1589 932 1672 Εὔδαμον
955 1589 1031 1656 ἀντὶ
1053 1590 1131 1661 τού-

73 1714 170 1762 ντου
197 1695 404 1780 κατέστησεν.
450 1690 490 1760 οὗ
519 1694 701 1779 γενομένου
729 1695 940 1781 συνέδραμον
963 1698 1004 1762 οῖ·
1019 1696 1131 1762 λοιποὶ

110 1803 274 1888 σατράπαι
296 1802 430 1886 πάντες,
456 1802 665 1887 φοβηθέντες
686 1804 730 1887 μη
753 1805 790 1869 τὸ
814 1807 1047 1888 παραπλήσιον
1069 1803 1131 1868 πά·
1149 1824 1173 1872 ιι

109 1918 230 1994 θωσιν,
254 1911 352 1987 όντος
372 1918 433 1975 τοῦ
457 1911 619 1986 Πίθωνος
640 1919 810 1994 κινητικοῦ
833 1911 888 1976 καί
911 1910 1036 1994 μεγάλα
1058 1920 1132 1987 ταῖς

109 2017 279 2101 ἐπιβολαῖς
296 2016 569 2103 περιβαλομένου.
604 2019 855 2101 περιγενόμενοι
874 2015 904 2082 δ’
921 2017 1024 2083 αὐτοῦ
1043 2017 1130 2108 μάχη

108 2126 163 2192 καῖ
185 2126 331 2202 πολλοὺς
347 2135 416 2191 τῶν
434 2123 757 2208 συναγωνισαμένων
775 2123 949 2201 ἀνελόντες
967 2121 1131 2209 ἐξήλασαν

73 2248 88 2296 3
108 2231 145 2299 έκ
166 2242 224 2318 τῆς
242 2234 452 2318 Παρθυαίας.
490 2231 641 2307 κάκεῖνος
664 2231 701 2296 τὸ
724 2231 786 2314 μὲν
808 2241 942 2317 πρῶτον
965 2231 1130 2317 ἀνεχώρη-

109 2355 167 2405 σεν
202 2340 249 2416 είς
280 2339 430 2423 Μηδίαν,
467 2335 535 2421 μετ’
563 2337 679 2420 ὀλίγον
711 2333 742 2403 δ’
769 2338 817 2415 είς
847 2339 910 2423 τὴν
942 2341 1131 2421 Βαβυλῶνα
1149 2359 1174 2410 ιο

109 2447 376 2531 παραγενόμενος
398 2443 575 2531 παρεκάλει
596 2445 656 2510 τὸν
678 2443 849 2510 Σέλευκον
873 2448 1016 2530 βοηθεῖν
1039 2445 1144 2533 αὐτῷ·

181 2601 197 2656 1
216 2599 287 2669 πρὸς
305 2602 335 2657 δὲ
354 2603 419 2665 τοὺς
437 2601 496 2656 άνω
515 2599 653 2672 ἡγεμόνας
674 2603 740 2665 τους
762 2602 792 2657 ἐν
815 2612 877 2666 ταῖς
895 2601 1077 2671 σατραπείαις
1094 2603 1129 2659 X.

108 2673 400 2744 5βυβλιαφ.16;οείιέ
415 2675 539 2745 βιβλιαφ.
586 2673 621 2728 10
635 2671 877 2729 ἀποδέδεικταιΙδ.
929 2674 1036 2729 11-14
1049 2673 1130 2744 γενό-

108 2763 190 2815 μενος
216 2747 290 2836 (γενο
310 2716 346 2811 V)
369 2742 577 2836 Παρθυαῖος“
563 2765 594 2808 ος
618 2747 744 2800 Φιλώταν
767 2746 817 2815 μὲν
839 2743 889 2801 τὸν
909 2745 1130 2838 προυπάρχοντα

109 2814 262 2885 στρατηγὸν
286 2814 457 2885 ἀπέκτεινεν,
481 2813 531 2872 τὸν
550 2816 580 2870 δὲ
600 2816 686 2871 αὐτοῦ
710 2817 807 2888 (αότου
827 2817 858 2871 δ
845 2813 926 2872 δτδν
936 2817 979 2908 Χ)
1003 2816 1130 2886 ἀδελφὸν

108 2887 345 3050 mm
354 2889 505 3015 ἷίίέίίιίὲ
511 2884 1130 3043 ‚III{0422244020522344‘3‘454423

43 3072 45 3076 -
108 3031 208 3086 τούτου
231 3051 256 3085 ιι
280 3030 314 3098 F;
341 3047 409 3086 corr
430 3031 529 3098 Wess,
558 3031 607 3099 qui
632 3033 729 3086 tamen
754 3029 894 3086 Φίλιππον
920 3032 1045 3100 scripsit
1071 3049 1130 3086 non

110 3103 235 3156 Φιλώταν
263 3100 309 3171 (cf.
336 3101 427 3156 XVIII
453 3107 496 3169 39,
518 3074 553 3172 6).
635 3101 671 3156 13
697 3101 814 3172 Εόδαμο
800 3122 832 3156 ον
878 3102 913 3156 cf
941 3101 1005 3154 XIX
1033 3108 1075 3169 15,
1098 3110 1129 3170 ὃς

109 3178 152 3240 30,
167 3179 191 3228 3.
208 3178 254 3241 10;
283 3173 318 3228 cf
343 3173 418 3229 Plut.
441 3173 521 3228 Eum.
544 3180 590 3240 16;
618 3173 718 3243 Εδδημ
719 3194 750 3236 ος
862 3181 953 3240 44,1;
978 3175 1129 3241 νανωῐ

107 3245 168 3299 Arr.
188 3216 338 3316 V1’2‘1,2).
416 3245 452 3300 16
476 3244 608 3334 μεγάλαις
632 3245 776 3316 ἐπιβολαῖς
799 3216 1020 3316 περιβάλοβένου
1036 3245 1129 3312 RVX;

109 3332 177 3370 corr.
196 3316 308 3372 Reiske
381 3315 456 3370 16-
462 3316 497 3371 18
515 3315 635 3386 μεγάλου
652 3325 715 3378 ταῖς
733 3315 886 3386 ἐπιβολαῖς·
907 3289 1130 3409 περιβαλομένοδ

109 3384 136 3442 δ’
153 3387 240 3443 αίτοῖι
231 3387 298 3528 μά
352 3388 401 3442 καὶ
419 3389 577 3451 πολλοδςτ,
594 3404 617 3442 ο
632 3385 780 3450 ἀνελόντος
798 3386 977 3456 ἐξήλασενδ.
1042 3387 1125 3442 19
1095 3409 1129 3444 το

80 3458 272 3588 ἇρρῖτρτνμέ
270 3479 339 3586 ν20
337 3536 363 3587 B
382 3459 583 3605 ἔκλεγάρηοεν
587 3460 627 3522 είς
646 3455 776 3530 Μηδίαν]
802 3459 842 3522 είς
860 3457 993 3528 Μηδείαν
1018 3459 1130 3530 άκεγώ-

362 3552 385 3587 α
404 3553 422 3589 υ
439 3530 495 3590 ωνί
494 3531 574 3590 ανδ
