2460 3848
122 207 164 272 86
468 203 792 259 Μουσωνίου-σι.

121 348 326 434 καλουμένης
360 349 425 415 άπὸ
458 354 607 415 Βοιωτοῦ
639 358 699 415 τοῦ
731 351 954 435 Μελανίππης
989 351 1051 433 μὲν
1087 353 1142 418 καλ

121 457 335 534 Ποσειδῶνος
364 457 456 540 υἱοῦ,
486 456 773 533 δυναστεύσαντος
802 456 840 522 δὲ
868 466 936 523 τῶν
958 459 1080 543 τόπων,
1104 461 1142 525 τὸ

120 565 234 649 τρίτον
265 560 482 629 ἐκπίπτουσιν
512 563 544 629 ολ
576 567 717 648 Θηβαῖοι
746 574 813 629 τῶν
843 562 876 642 ἐξ
900 561 1044 650 Ἀργους
1073 564 1143 631 ἑπι-

87 686 102 734 7
121 672 232 753 γόνων
254 669 583 756 ἐκπολιορκησάντων
605 671 667 754 τὴν
690 672 797 736 πόλιν.
836 682 904 737 τῶν
928 671 960 736 δ’
986 669 1144 739 ἐκπεσόν-

120 800 188 842 των
210 778 243 842 οἱ
266 777 488 855 διασωθέντες
510 775 700 861 κατέφυγον
725 777 787 860 μὲν
814 779 862 854 εἰς
886 779 1144 861 Ἀλαλκομενίαν
1176 802 1188 842 ε

121 883 176 947 καὶ
204 884 241 948 τὸ
277 884 466 968 Τιλφώσιον
496 885 588 970 όρος,
620 883 756 949 τῶνδὲ
783 883 940 970 Ἀργείων
970 884 1143 971 άποχωρη-

122 988 252 1054 σάντων
282 988 475 1074 ἐπανῆλθον
505 993 552 1068 εἰς
581 991 642 1074 τὴν
671 991 822 1077 πατρίδα.
875 993 955 1073 μετὰ
979 991 1144 1057 δὲταῦτα

120 1098 202 1161 κατὰ
229 1097 289 1162 τὸν
315 1094 456 1163 Ἰλιακὸν
483 1100 629 1180 πόλεμον
652 1096 961 1183 ἐκστρατευσάντων
983 1109 1052 1163 τῶν
1077 1103 1143 1184 Θη-

121 1205 227 1286 βαίων
250 1205 297 1281 είς
319 1207 381 1288 τὴν
400 1201 514 1270 Ἀσίαν
537 1207 569 1270 ολ
591 1203 870 1290 καταλειφθέντες
888 1202 1043 1282 ἐξέπεσον
1061 1208 1143 1287 μετδι

86 1321 188 1375 8τῶν
212 1311 322 1376 άλλων
344 1316 501 1377 Βοιωτῶν
523 1311 589 1376 ὑπὸ
613 1316 806 1394 Πελασγῶν.
857 1312 919 1378 οὐκ
949 1312 1075 1395 ὀλίγοις
1105 1313 1143 1378 δὲ
1163 1337 1189 1375 ιο

120 1419 200 1499 μετά
229 1427 332 1484 ταῦτα
361 1419 594 1502 περιπεσόντες
624 1419 840 1501 συμπτώμασι
867 1421 963 1503 μόγις
989 1420 1070 1502 μετὰ
1092 1443 1143 1485 τε-

121 1524 244 1610 τάρτην
273 1526 392 1608 γενεάν
421 1528 503 1591 κατὰ
530 1526 590 1591 τὸν
619 1528 801 1609 γενόμενον
823 1523 878 1590 ἐπὶ
901 1534 967 1590 τῶν
990 1526 1143 1612 κοράκων

121 1632 270 1715 χρησμὸν
301 1631 457 1717 άπηλθον
488 1635 535 1710 είς
566 1634 628 1716 τὴν
641 1634 643 1637 ’
657 1634 822 1698 Βοιωτίαν
854 1632 909 1697 καὶ
941 1634 998 1710 τάς
1030 1637 1143 1717 Θήβας

121 1735 322 1827 κατῴκησαν.
369 1737 433 1805 άπὸ
462 1740 500 1805 δὲ
526 1740 654 1805 τούτων
676 1750 745 1804 τῶν
767 1742 898 1824 χρόνων
921 1740 1144 1825 διαμενούσης

121 1855 178 1930 τῆς
201 1847 327 1923 πόλεως
349 1844 399 1912 ἐπ’
421 1843 476 1931 ἔτη
501 1847 621 1931 σχεδὸν
644 1847 820 1913 ὀκτακόσια
842 1846 898 1911 καί
916 1848 954 1911 τδ
973 1846 1034 1928 μὲν
1053 1858 1142 1932 πρῶ·
1163 1869 1187 1909 ιι

120 1975 180 2017 τον
202 1963 270 2018 τῶν
290 1956 446 2038 Θηβαίων
466 1963 527 2020 τοῦ
546 1952 622 2038 παρ’
640 1954 752 2019 αὐτῶν
771 1950 895 2030 έθνους
914 1953 1141 2038 προστάντων,

120 2060 200 2141 μετὰ
219 2060 377 2127 δὲταῦτα
395 2071 453 2146 τῆς
470 2073 538 2127 τῶν
553 2059 722 2144 Ἑλλήνων
741 2061 916 2144 ἡγεμονίας
935 2059 1142 2145 ἀμφισβητη-

121 2167 252 2232 σάντων
265 2164 485 2254 Ἀλέξανδρος
503 2168 521 2233 δ
544 2167 712 2233 Φιλίππου
733 2169 815 2232 κατδι
833 2166 952 2253 κράτος
970 2165 1142 2252 ἐκπολιορ

68 2270 222 2358 54κησας
244 2275 457 2355 κατέσκαψεν.
493 2276 630 2362 εἰκοστῷ
649 2271 680 2337 δ’
703 2270 768 2338 έτει
785 2273 928 2357 ὕστερον
942 2274 1143 2360 Κάσανδρος

122 2378 338 2466 φιλοδοξῆσαι
376 2383 580 2464 βουλόμενος
616 2380 671 2446 καὶ
707 2382 823 2458 πείσας
859 2383 937 2458 τοὺς
973 2385 1142 2459 Βοιωτοὺς
1161 2406 1187 2445 ιο

122 2485 279 2572 άνέστησε
307 2490 368 2571 τὴν
395 2490 494 2553 πόλιν
516 2497 586 2564 τοῖς
609 2487 860 2571 διασωζομένοις
883 2499 951 2554 τῶν
976 2490 1141 2572 Θηβαίων.

86 2594 403 2677 κσυνεπελάβοντο·
424 2594 462 2660 δὲ
493 2594 548 2659 καὶ
584 2605 651 2660 τῶν
683 2592 888 2679 Ἑλληνίδων
920 2597 1049 2661 πόλεων
1081 2605 1141 2661 τοῦ

121 2709 338 2783 συνοικισμοῦ
366 2701 486 2766 πολλαί
514 2700 569 2766 διά
594 2725 629 2766 τε
651 2702 711 2767 τὸν
734 2703 817 2788 πρὸς
838 2705 917 2780 τοὺς
939 2702 1142 2786 ἠτυχηκότας

121 2803 215 2873 έλεον
244 2808 300 2873 καὶ
328 2809 383 2873 διδι
409 2811 471 2893 την
499 2806 600 2887 δόξαν
622 2818 679 2893 της
701 2811 839 2886 πόλεως·
878 2807 1050 2894 Ἀθηναῖοι
1080 2809 1142 2891 μὲν

121 2917 184 3000 γάρ
217 2916 253 2980 τὸ
286 2918 372 2980 πολὺ
402 2915 501 3001 μέρος
529 2924 589 2981 τοῦ
619 2917 749 3000 τείχους
777 2914 963 3000 ἀνέστησαν
990 2916 1046 2981 καὶ
1073 2927 1142 2981 τῶν
1160 2937 1186 2977 ιι

121 3023 231 3087 άλλων
264 3023 296 3087 οἱ
327 3023 388 3105 μὲν
421 3019 639 3110 ᾠκοδόμησαν
670 3024 752 3088 κατά
782 3022 937 3107 δύναμιν,
965 3023 997 3088 ολ
1025 3023 1141 3089 δὲκαὶ

191 3215 372 3284 6Τιφόισιον
390 3217 425 3283 Τς
451 3219 645 3285 Τιλφωσσαῖον
667 3216 706 3271 IV
725 3223 768 3283 66,
788 3222 803 3271 5
827 3213 986 3287 (Τιλφωσόν
1005 3217 1051 3287 F);
1077 3220 1141 3272 Τιλ-

120 3287 244 3356 φόσσσιον
262 3287 353 3342 Strab.
368 3287 406 3342 IX
420 3294 445 3354 2,
455 3294 503 3355 273
524 3289 694 3357 Τιλφούσιον
707 3288 789 3342 Ροιιε.
804 3288 842 3341 IX
857 3293 940 3355 33,1;
962 3291 1141 3358 Τιλφωσαῖον

120 3357 199 3413 Βοω.
217 3357 282 3412 XIX
306 3359 567 3425 141.148;St.B.;
592 3363 786 3429 Τιλφωσσαῖον
809 3359 895 3428 Ηοτμ.
916 3377 936 3414 s.
950 3377 975 3413 v.
1055 3359 1073 3414 9
1098 3359 1141 3426 ἐξ·

113 3427 223 3482 έπεσαν
237 3430 271 3485 Β,
347 3431 383 3486 13
405 3431 532 3502 άνηλθον
555 3431 638 3486 Dind.
712 3430 748 3485 15
770 3432 892 3485 καὶτῶν
911 3430 961 3500 μὲν
979 3439 1091 3499 πρῶτον
1110 3432 1140 3485 F.

96 3495 140 3546 16
161 3497 240 3564 παρ’
259 3501 362 3566 αὐτοῖς
387 3502 477 3560 Heni.
500 3503 534 3570 Π,
555 3510 571 3559 2
595 3522 623 3575 p.
644 3509 687 3559 14.
706 3507 741 3558 15
764 3502 811 3572 ίοῐ.
832 3503 917 3556 Dind.
942 3502 979 3555 οδ
1003 3501 1140 3573 X1X42).

79 3559 126 3613 Ε
141 3570 343 3642 συνελάβοντο
360 3576 395 3646 Β,
419 3594 492 3636 corr.
515 3584 539 3635 2.
555 3597 596 3634 m.
