2460 3848
97 202 164 267 214
464 198 578 254 Diodor.
588 198 639 252 XX
653 205 695 254 29.
706 204 748 255 30.

61 365 78 413 4
97 343 134 411 όν
157 345 413 431 Συρακούσσαις
439 345 618 428 δειπνήσει.
664 346 697 410 οἱ
724 341 755 409 δ’
774 343 810 410 ίκ
836 355 895 430 τῆς
917 347 1044 422 πόλεως
1067 347 1117 410 αί-

97 454 258 534 σθόμενοι
285 454 347 538 τήν
370 451 522 518 ἐπίνοιαν
548 460 616 516 τῶν
642 454 810 535 πολεμίων
837 449 1023 534 ἐξέπεμψαν
1049 463 1118 517 τῶν

95 559 157 641 μέν
186 562 292 638 πεζῶν
321 559 442 636 νυκτὸς
471 557 547 644 περί
576 560 780 643 τρισχιλίους
808 559 864 625 καὶ
892 569 961 624 τῶν
990 558 1118 624 ἱππέων
1142 641 1146 651 .

95 666 172 750 περί
209 667 455 752 τετρακοσίους,
496 663 739 751 προστάξαντες
774 665 1021 749 καταλαβέσθαι
1056 667 1118 731 τὸν

60 773 284 859 σΕύρύηλον.
329 775 411 856 ταχύ
440 772 478 837 δέ
504 773 632 838 τούτων
654 773 693 837 τὸ
715 772 950 859 παραγγελθὲν
973 769 1118 858 πραξάν-
1150 794 1162 836 ε

95 903 163 945 των
186 880 219 944 οἱ
242 879 470 964 Καρχηδόνιοι
492 879 613 956 νυκτὸς
636 879 739 963 ούσης
761 890 943 965 προσῆγον,
965 881 1117 962 νομίζον-

95 1009 149 1062 τες
167 988 329 1070 λήσεσθαι
346 989 425 1063 τοὺς
443 988 630 1068 πολεμίους.
666 987 778 1070 ήγείτο
800 987 863 1069 μὲν
881 980 945 1051 οὖν
965 988 1117 1068 Ἀμίλκας

95 1093 241 1177 πάντων,
268 1089 354 1176 έχων
377 1094 455 1170 τοὺς
482 1093 534 1158 ἀεί
556 1093 633 1179 περὶ
656 1091 777 1159 ἑαυτὸν
798 1092 1033 1178 τεταγμένους,
1061 1090 1117 1158 ίπ-

95 1199 277 1284 ηκολούθει
303 1199 341 1265 δέ
365 1199 606 1288 Δεινοκράτης,
633 1210 701 1265 τῶν
730 1199 856 1266 ἱππέων
884 1201 1029 1285 εἰληφὼς
1054 1201 1118 1285 τήν

16 1341 19 1346 ’
60 1308 284 1392 θήγεμονίαν.
337 1307 375 1371 τὸ
408 1306 446 1372 δὲ
476 1316 544 1371 τῶν
575 1309 682 1385 πεζῶν
714 1308 940 1393 στρατόπεδον
972 1308 1019 1384 είς
1053 1307 1117 1372 δύο
1137 1331 1163 1371 ιο

95 1413 268 1499 φάλαγγας
291 1409 439 1503 διήρητο,
462 1416 524 1497 τήν
541 1435 577 1477 τε
599 1424 668 1478 τῶν
686 1413 866 1499 βαρβάρων
886 1414 942 1479 καί
964 1415 1027 1498 τήν
1048 1425 1117 1479 τῶν

96 1520 359 1607 συμμαχούντων
373 1517 551 1604 Ἑλλήνων.
587 1521 837 1605 παρηκολούθει
855 1520 894 1585 δὲ
912 1520 967 1585 καί
985 1526 1117 1604 πλῆθος

95 1629 196 1713 όχλου
224 1627 440 1692 παντοδαπὸν
467 1625 560 1704 ἐκτὸς
589 1636 646 1710 τῆς
673 1626 794 1706 τάξεως
820 1628 981 1711 ὠφελείας
1010 1627 1116 1712 ἕνεκα,

94 1737 210 1822 χρείαν
236 1734 298 1818 μὲν
326 1734 563 1819 στρατιωτικήν
593 1733 754 1816 οὐδεμίαν
785 1737 1022 1819 παρεχόμενον,
1054 1741 1117 1801 θο-

96 1842 203 1926 ρύβου
222 1841 260 1907 δὲ
282 1840 338 1906 καί
360 1851 503 1927 ταραχῆς
526 1840 650 1925 ἀλόγου
671 1842 850 1924 γινόμενον
868 1840 987 1926 αίτιον,
1010 1839 1043 1920 ἐξ
1068 1836 1117 1907 διν
1135 1863 1161 1904 ιι

60 1947 253 2025 ιπολλάκις
284 1946 553 2034 ὁλοσχερέστεροι
585 1949 808 2030 συμβαίνουσι
843 1949 1006 2014 κίνδυνοι.
1060 1949 1117 2014 καὶ

94 2057 168 2120 τότε
191 2055 229 2122 δὲ
251 2065 319 2120 τῶν
341 2054 432 2121 ὁδῶν
455 2065 582 2120 στενῶν
605 2055 718 2120 ούσῶν
738 2054 792 2119 καλ
815 2066 976 2140 τραχειῶν
999 2056 1032 2120 οἱ
1054 2055 1117 2137 μὲν

94 2163 134 2227 τὰ
165 2165 355 2249 σκευοφόρα
383 2164 571 2245 κομίζοντες
601 2160 657 2226 καί
684 2170 753 2226 τῶν
783 2159 875 2239 ἐκτὸς
905 2172 965 2247 τῆς
996 2159 1117 2240 τάξεως

95 2270 442 2335 συνακολουθούντων
464 2268 553 2345 τινὲς
580 2266 732 2351 ἐβάδιζον
759 2270 843 2353 πρὸς
870 2268 1034 2354 ἀλλήλους
1061 2292 1117 2352 φι-

94 2375 326 2458 λοτιμούμενοι
357 2374 434 2461 περί
466 2384 524 2459 τής
559 2373 765 2461 ὁδοιπορίας·
802 2374 1116 2462 στενοχωρουμένου
1135 2398 1161 2438 ω

94 2481 132 2546 δέ
154 2490 214 2547 τοῦ
238 2485 391 2567 πλήθους
413 2482 467 2547 καλ
492 2482 548 2546 διδ
571 2483 669 2547 τοῦτό
693 2497 782 2547 τισιν
800 2479 1019 2567 ἐγγενομένης
1039 2482 1116 2562 διήι-

93 2590 211 2672 μαχίας
234 2588 289 2653 καί
312 2592 446 2654 πολλῶν
468 2587 635 2672 ἑκατέροις
657 2590 968 2674 παραβοηθούντων
985 2591 1115 2674 κραυγή

58 2711 75 2761 8
93 2695 149 2760 καί
171 2697 276 2772 πολὺς
303 2697 454 2780 θόρυβος
481 2705 609 2781 κατεῖχε
631 2697 669 2761 τὸ
693 2696 927 2781 στρατόπεδον.
973 2696 1052 2762 καθ’
1074 2696 1115 2763 ὃν

94 2802 135 2886 δή
163 2804 287 2888 χρόνον
310 2803 343 2867 οἱ
367 2805 601 2888 κατειληφότες
623 2804 683 2868 τὸν
705 2802 886 2888 Εὐρύηλον
909 2805 1116 2889 Συρακόσιοι

93 2910 174 2992 μετά
200 2909 355 2993 θορύβου
383 2912 583 2996 προσιόντας
610 2911 689 2986 τοὺς
714 2911 894 2992 πολεμίους
917 2911 1116 2993 αἰσθόμενοι
1135 2931 1162 2972 ιι

93 3016 149 3082 καὶ
180 3018 303 3094 τόπους
339 3013 470 3102 ἔχοντες
504 3015 720 3103 ὑπερδεξίους
756 3017 914 3103 ὥρμησαν
946 3016 1000 3083 ίπί
1035 3019 1116 3096 τοὺς

59 3124 280 3206 9πολεμίους.
325 3124 381 3189 καί
412 3124 501 3201 τινὲς
531 3123 593 3206 μὲν
625 3122 679 3189 ίπί
710 3133 781 3201 τοίς
807 3122 949 3208 ὑψηλοῖς
977 3122 1116 3202 ἑστῶτες

164 3349 335 3408 8αύτὸνδ.
405 3351 665 3421 θπροειληφὼςλῐ
734 3352 768 3407 11
788 3353 892 3407 καλτῶ
894 3353 958 3408 νβ’.
1028 3352 1064 3407 13
1082 3352 1114 3408 ἐκ

67 3430 137 3548 ἅχω
154 3422 260 3490 τάξεως
275 3424 314 3492 R
340 3440 409 3479 corr
431 3430 454 3478 1.
469 3441 519 3491 m.;
543 3423 594 3490 ἔξω
573 3431 710 3494 ωητςτ.
729 3425 760 3478 F.
833 3423 869 3478 14
892 3424 977 3493 ούδὲμ
979 3420 1026 3478 ίαν
1052 3425 1114 3494 (εἰσ)

220 3495 260 3550 17
283 3493 414 3570 τραχέων
440 3496 522 3567 libri,
553 3513 624 3554 corr.
649 3495 715 3552 εδδ
791 3495 830 3549 Ἃ
855 3444 1032 3564 ἐηηιυομίνης
1056 3495 1113 3551 XF.

52 3557 99 3612 27
113 3561 184 3636 ἐπῇ
201 3566 237 3623 ἐν
253 3568 283 3624 F
301 3571 320 3627 f.
336 3590 360 3629 r.
