2460 3848
116 197 180 262 124
475 195 590 250 Diodor.
599 193 663 248 XIX
678 201 719 250 77.
731 200 774 250 78.

78 357 95 406 4
114 339 347 426 ἐλευθέρωσιν.
380 339 398 405 ὁ
417 340 456 405 δὲ
469 344 676 422 Πτολεμαῖος
693 342 773 422 μετά
792 341 923 417 παντὸς
933 348 993 406 τοῦ
1012 342 1134 406 στόλου

113 447 342 524 καταπλεύσας
368 457 426 531 τῆς
448 448 609 523 Βοιωτίας
631 447 679 524 είς
701 447 761 512 τὸν
784 449 905 513 Βαθὺν
927 447 1135 529 καλούμενον

114 554 231 637 λιμένα
253 555 342 640 παρὰ
363 553 426 636 μὲν
443 562 503 619 τοῦ
521 563 637 620 κοινοῦ
656 564 724 619 τῶν
737 558 894 619 Βοιωτῶν
911 554 1135 640 προσελάβετο

115 662 315 747 στρατιώτας
344 663 462 740 πεζούς
487 660 549 743 μὲν
577 661 761 747 δισχιλίους
787 660 993 744 διακοσίους,
1023 661 1189 739 ίππείςιτθ

115 768 153 834 δὲ
183 769 311 853 χιλίους
343 770 561 853 τριακοσίους.
607 766 833 849 μετεπέμψατο
864 767 902 833 δὲ
930 767 986 832 καί
1015 768 1073 845 τὰς
1102 765 1136 847 ἐξ

110 873 227 960 Ὠρεοῦ
263 882 347 951 ναῦς
379 874 435 940 καί
468 877 612 959 τειχίσας
643 876 702 939 τὸν
734 874 911 957 Σαλγανέα
947 873 1138 960 συνήγαγεν

78 1024 80 1029 »
114 979 264 1046 ἐνταῦθα
286 989 397 1047 πᾶσαν
408 981 476 1066 ’την
495 981 653 1063 δύναμιν·
675 983 787 1066 ἤλπιζε
806 982 870 1067 γὰρ
888 979 1138 1067 προσδέξασθαι

114 1090 193 1165 τοὺς
221 1088 412 1173 Χαλκιδεύς,
442 1089 537 1174 οἵπερ
567 1089 664 1170 μόνοι
692 1099 761 1154 τῶν
787 1088 950 1171 Εὐβοέων
977 1087 1042 1152 ὑπὸ
1069 1098 1138 1153 τῶν

79 1197 282 1277 σπολεμίων
319 1193 558 1281 ἐφρουροῦντο.
618 1194 636 1260 ὁ
673 1194 711 1260 δὲ
747 1194 947 1280 Κάσανδρος
983 1191 1138 1278 ιἰγωνιδτν

115 1301 199 1388 ὑπὲρ
222 1313 281 1387 τῆς
302 1302 468 1379 Χαλκίδος
490 1299 691 1387 τηνᾭρεοῦ
718 1303 914 1387 πολιορκίαν
938 1299 1067 1384 ἔλυσεν,
1090 1301 1139 1377 είς
1157 1326 1184 1366 ιο

66 1458 68 1466 .
116 1409 154 1476 δέ
180 1410 242 1495 την
264 1409 414 1474 Χαλκίδα
442 1404 617 1492 παρῆλθεν
644 1409 699 1474 καλ
721 1409 780 1485 τδς
802 1405 960 1491 δυνάμεις
981 1406 1138 1491 μετεπέμ-

115 1537 204 1582 πετο.
258 1512 450 1600 Ἀντίγονος
486 1514 524 1580 δὲι
558 1517 752 1598 πυθόμενος
785 1516 862 1602 περί
892 1517 955 1600 την
985 1516 1139 1598 Εὔβοιαν

116 1621 310 1708 ἐφεδρεύειν
338 1622 492 1708 ἀλληλοις
518 1624 558 1687 τά
586 1623 806 1708 στρατόπεδα,
829 1622 1054 1705 μετεπέμψατο
1078 1624 1139 1688 τὸν

116 1730 253 1814 Μήδιον
276 1730 323 1806 είς
345 1730 407 1815 τὴν
426 1728 539 1795 Ἀσίαν
561 1731 642 1812 μετά
662 1739 722 1796 τοῦ
742 1731 879 1813 στόλου,
902 1730 1009 1806 εύθὺς
1026 1730 1064 1795 δὲ
1081 1729 1138 1795 καλ

115 1838 173 1914 τὰς
195 1835 353 1919 δυνάμεις
371 1835 548 1920 ἀναλαβὼν
566 1837 713 1923 προῆγεν
731 1835 786 1922 ἐφ’
803 1834 1036 1923 Ἑλλησπόντῳ
1054 1837 1138 1902 κατὰ
1158 1858 1184 1900 ιι

80 1968 83 1974 ·
115 1944 227 2029 τάχος,
246 1943 291 2021 ὡς
309 1944 548 2026 διαβησόμενος
567 1945 615 2021 είς
628 1928 855 2026 Μακεδονίαν,
874 1942 963 2019 ὅπως
980 1942 1000 2027 ἢ
1019 1942 1138 2025 μένον-

116 2074 173 2127 τος
192 2051 397 2136 Κασάνδρου
420 2051 498 2136 περί
520 2051 581 2136 την
598 2051 750 2133 Εύβοιαν
773 2049 873 2127 αὐτὸς
896 2046 1019 2136 έρημον
1041 2073 1139 2117 κατα-

116 2157 201 2249 λάβῃ
226 2158 455 2224 ,Μακεδονίαν
493 2166 561 2222 τῶν
597 2155 816 2239 ἀμυνομένων
850 2155 871 2241 ἣ
908 2164 948 2242 τῇ
985 2158 1138 2244 βασιλείᾳ

81 2268 255 2349 οβοηθῶν
284 2263 435 2354 ἀποβάλῃ
465 2263 506 2327 τδι
531 2262 614 2328 κατὰ
641 2263 703 2348 την
725 2260 869 2328 Ἑλλάδα
891 2261 1092 2348 πράγματα,
1119 2261 1138 2328 ό

117 2371 155 2437 δὲ
177 2371 377 2456 Κάσανδρος
400 2368 549 2435 συνιδὼν
571 2369 633 2454 την
656 2366 809 2435 ἐπίνοιαν
831 2370 935 2435 αὐτοῦ
954 2371 1139 2453 Πλείσταρ·
1158 2393 1185 2434 ιο

116 2501 177 2563 χον
199 2477 261 2560 μὲν
284 2474 444 2543 ἀπέλιπεν
466 2473 521 2541 ἐπί
543 2484 602 2559 τῆς
624 2473 661 2540 ἐν
683 2477 825 2542 Χαλκίδι
848 2485 1014 2562 φρουρᾶς,
1040 2475 1141 2554 αὐτὸς

187 2703 205 2759 2
224 2706 323 2768 Βαθὺς
340 2704 436 2799 λιμὴνχ
453 2704 488 2759 ef.
504 2703 600 2760 strab.
619 2703 658 2758 IX
677 2710 702 2773 λ,
717 2710 740 2761 8.
803 2705 821 2760 4
839 2702 1012 2777 διακοσίους]
1032 2717 1086 2759 om.
1098 2687 1140 2773 X3

116 2774 294 2845 τριακοσίους
307 2777 337 2830 F.
392 2777 410 2830 6
432 2780 510 2845 &pov
524 2776 558 2844 R,
573 2792 641 2831 corr.
654 2783 724 2832 Lm.
763 2773 912 2846 Σαλγανέα
934 2773 1080 2846 Σαλγανέα
1089 2775 1141 2831 RX

117 2845 266 2918 Σαλμονέα
288 2848 322 2915 δς
349 2864 418 2903 corr.
441 2847 531 2903 Palm.
557 2848 604 2918 (cf.
628 2846 720 2902 δίειμί).
744 2847 783 2901 IX
806 2852 876 2915 2‚9;
952 2847 970 2901 l.
991 2847 1031 2902 HI
1052 2854 1094 2915 14,
1110 2853 1139 2917 83

117 2919 157 2974 St.
167 2920 198 2975 B.
214 2937 235 2975 ε.
245 2922 295 2989 v.);
315 2919 350 2974 ef.
370 2919 489 2974 Mueller
512 2919 549 2972 ad
571 2918 642 2974 Ptol.
663 2919 681 2973 1.
695 2919 713 2973 1.
788 2920 803 2973 λ
826 2916 1032 2987 προσδέξεσθαι
1054 2919 1140 2976 Dind.

117 2991 153 3047 10
172 2989 288 3059 Ὦραιού
307 2990 365 3046 RX.
439 2990 474 3045 12
492 2989 601 3046 Εύοιαν
619 2991 649 3044 F.
723 2989 759 3061 13
781 2989 908 3059 ἀλλήλοις
928 2989 1090 3059 ἐφεδρεύειν
1106 2990 1140 3045 F.

118 3062 153 3117 15
168 3058 373 3132 Ἑλλησπόντου
391 3062 421 3116 F.
490 3060 606 3117 16-19
625 3059 861 3132 ὅπως-βοηθῶν
879 3078 933 3116 om.
948 3062 979 3131 F,
998 3061 1090 3131 suppl.
1110 3063 1141 3116 in

117 3134 173 3187 fine
196 3149 261 3202 pag.
282 3139 306 3188 2.
321 3150 358 3188 m.
381 3132 569 3259 (καταλάγδοι),
595 3149 668 3201 quae
693 3133 806 3187 addidit
830 3132 901 3200 ὑπὲρ
923 3141 990 3188 τῶνε
1017 3134 1075 3188 iem
1099 3150 1142 3188 ee-

118 3205 215 3274 quitur
233 3204 263 3258 in
282 3206 416 3259 eontextu
434 3204 493 3259 οίκε
507 3224 546 3259 ων
565 3201 753 3273 ἀγωνίζεσθαι
766 3201 815 3259 τὸν
829 3203 1016 3272 Κάσσανδρον
1031 3201 1144 3273 ἀφέντα

116 3274 153 3330 τὰ
171 3274 244 3330 κατὰ
261 3275 312 3346 τὴν
327 3273 368 3330 Ἑ.
383 3274 533 3345 πράγματα
552 3291 625 3344 quee
643 3274 729 3330 verba
747 3276 789 3330 ita
808 3274 979 3330 emendabat
994 3276 1095 3344 Rhoe,
1108 3279 1143 3331 ut

117 3345 254 3402 scriberet
272 3348 436 3418 βοηθοῦντα
450 3349 479 3401 ολ
492 3349 558 3416 poet
570 3345 741 3415 Κάσανδρον
759 3347 921 3402 restitueret
936 3346 1087 3420 <όιναγκάσ
1108 3347 1141 3420 >;

103 3419 237 3484 βοηθεῖν
250 3417 345 3492 <καλ>
359 3418 430 3488 ὑπὲρ
444 3439 468 3473 τ.
479 3418 531 3473 οἰκ.
543 3416 740 3487 ἀγωνίσασθαι
775 3417 899 3490 ποιήσῃ)
915 3418 969 3488 (rel
983 3419 1141 3492 ἀναγκασῃ)

76 3481 207 3618 ³21}le
207 3487 338 3611 ἐνσείσας
359 3508 413 3564 ego
434 3509 500 3548 eum
521 3489 630 3562 Steph„
641 3489 744 3557 Wese,
754 3417 841 3544 διεδ.
853 3489 886 3543 'm
901 3490 962 3545 οοδ,
976 3490 1002 3543 R
1019 3489 1142 3546 lectione

17 3752 30 3816 δ
