2460 3848
100 195 165 260 268
467 191 581 247 Diodor.
590 190 642 244 XX
656 196 698 245 66.
709 197 751 247 64.
772 204 774 207 “

100 346 236 403 τοιαῦτα
268 336 468 420 ἐκπωμάτων
500 336 673 419 πλάσματα
707 342 913 422 φιλοτεχνῶν
945 336 1119 423 ἐκεραμεύ-

101 459 189 509 σατο.
228 444 267 509 οὐ
286 446 350 529 γὰρ
369 444 546 531 ἀπηρνεῖτο
569 445 631 529 τήν
649 443 841 528 ἐπιστήμην,
864 443 948 509 ἀλλά
969 444 1026 509 καλ
1043 444 1119 509 τού-

100 553 238 617 ναντίον
256 550 428 636 ἐκαυχᾶτο,
451 552 507 616 διά
521 537 587 636 ιτής
610 552 697 628 ίδίας
717 550 835 636 ἀρετής
852 550 1120 636 ἀποφαινόμενος

101 657 175 723 ἀντί
205 668 265 723 τοῦ
295 658 531 724 ταπεινοτάτου
561 659 639 740 βίον
669 658 728 723 τδν
756 656 1020 743 ἐπιφανέστατον
1046 680 1120 740 μετ-

65 765 281 850 σειληφέναι.
333 767 391 830 καί
417 786 497 830 ποτε
526 770 786 850 πολιορκοῦντος
815 765 919 830 αὐτοῦ
949 787 1024 829 τινα
1053 776 1120 830 τῶν
1152 786 1166 826 ο

101 871 162 937 οὐκ
186 871 314 949 ἀδόξων
333 874 463 938 πόλεων
480 873 536 938 καί
558 882 626 937 τών
644 871 708 937 ἀπὸ
727 881 788 937 τοῦ
810 873 941 956 τείχους
962 872 1120 954 βοώντων

101 982 274 1064 «Κεραμεῦ
297 979 353 1044 καί
380 989 534 1062 καμινεῦ,
562 981 641 1044 πότε
668 981 747 1056 τοὺς
769 981 914 1060 μισθοὺς
937 978 1122 1056 ἀποδώσεις

100 1094 170 1162 τοῖς
193 1086 441 1171 στρατιώταιςφ)
469 1086 648 1169 ὑπολαβὼν
672 1079 764 1151 εἶπεν
788 1082 902 1151 «Ὅταν
925 1086 1049 1170 ταύτην
1071 1085 1120 1164 ἐξ·

66 1210 81 1259 6
102 1191 191 1257 έλω.»
228 1192 269 1258 οὐ
288 1191 454 1277 μήνάλλὰ
472 1193 528 1258 διά
546 1193 608 1277 τήν
626 1191 664 1258 ἐν
682 1200 752 1269 τολς
769 1194 883 1269 πότοις
902 1192 1121 1278 εὐτραπελίαν

100 1303 305 1384 κατανοήσας
334 1311 402 1366 τῶν
431 1302 629 1382 μεθυόντων
658 1302 736 1376 τοὺς
764 1299 944 1385 ἀλλοτρίως
971 1301 1012 1364 τά
1038 1301 1122 1384 πρὸς
1139 1321 1166 1359 10

100 1407 162 1490 τήν
188 1407 389 1473 δυναστείαν
417 1404 552 1492 ἔχοντας
579 1405 766 1490 παρέλαβεν
791 1407 913 1484 αὐτούς
940 1427 1020 1471 ποτε
1047 1402 1116 1471 κατ’
1180 1495 1184 1499 .

103 1515 193 1579 ίδίαν
215 1515 317 1580 πάλιν
340 1513 395 1580 ἐπί
417 1514 479 1598 τήν
501 1512 649 1579 ἑστίασιν
671 1513 727 1578 καί
749 1524 817 1579 τῶν
840 1514 951 1579 ἄλλων
969 1518 1120 1597 Συρακο-

101 1623 184 1686 σίων
207 1624 285 1698 τοὺς
307 1619 448 1704 μάλιστα
475 1619 863 1705 πεφρονηματισμένους,
891 1621 952 1686 τὸν
975 1619 1121 1702 ἀριθμὸν

101 1729 340 1804 πεντακοσίους
366 1728 478 1804 όντας·
505 1718 556 1804 οίς
582 1731 780 1812 περιστήσας
807 1736 875 1792 τών
899 1727 1122 1809 μισθοφόρων

67 1836 179 1911 ιτοὺς
206 1834 367 1911 εὐθέτους
394 1834 542 1910 ἅπαντας
569 1831 766 1919 ἀπέσφαξεν.
817 1832 949 1917 σφόδρα
975 1832 1039 1914 γάρ
1067 1831 1121 1895 εὐ-
1139 1851 1166 1891 ιι

102 1943 234 2023 λαβελτο
256 1942 299 2025 μή
323 1940 549 2026 χωρισθέντος
572 1941 676 2006 αὐτοῦ
697 1941 744 2017 είς
761 1939 894 2022 Λιβύην
912 1937 1121 2004 καταλύσωσι

101 2049 162 2133 τήν
190 2048 401 2132 δυναστείαν,
428 2046 700 2130 ἐπικαλεσάμενοι
726 2049 805 2123 τοὺς
830 2046 911 2128 μετὰ
938 2044 1122 2129 Δεινοκρά-

101 2178 180 2232 τους
203 2155 365 2241 φυγάδας.
410 2164 531 2221 τοῦτον
554 2154 592 2220 δὲ
619 2156 679 2221 τὸν
701 2155 827 2239 τρόπον
850 2151 1176 2238 ἀσφαλισάμενος454

101 2264 141 2327 τα
168 2265 250 2327 κατά
277 2263 339 2347 τήν
362 2263 467 2348 ἀρχήν
490 2260 686 2339 ἐξέπλευσεν
708 2259 745 2326 ἐκ
771 2271 839 2326 τῶν
862 2265 1122 2344 Συρακουσσῶν.

49 2368 94 2435 64
174 2370 243 2434 Καὶ
276 2369 450 2451 κομισθεὶς
482 2369 529 2445 είς
561 2368 694 2451 Λιβύην
725 2366 885 2449 κατέλαβε
915 2367 954 2430 τὸ
987 2366 1122 2450 στρατό·
1141 2386 1168 2426 ιο

103 2476 206 2540 πεδον
236 2474 274 2541 ἐν
304 2475 434 2561 ἀθυμίᾳ
465 2475 521 2539 καί
553 2473 671 2540 σπάνει
700 2478 820 2558 πολλή·
852 2474 969 2558 διόπερ
997 2473 1122 2556 κρίνων

103 2581 287 2667 συμφέρειν
310 2582 567 2665 διαγωνίζεσθαι
594 2580 794 2666 παρεκάλεσε
822 2581 900 2656 τοὺς
923 2579 1123 2663 στρατιώτας

103 2690 150 2765 είς
186 2690 246 2754 τὸν
281 2689 444 2754 κίνδυνον
475 2688 531 2754 καί
568 2687 769 2772 προαγαγών
802 2686 863 2770 τήν
895 2686 1040 2768 δύναμιν
1072 2683 1123 2750 ἐκ-

102 2794 303 2879 τεταγμένην
339 2800 552 2880 προεκαλεῖτο
588 2796 667 2871 τοὺς
703 2792 893 2878 βαρβάρους
928 2793 975 2870 είς
1007 2792 1122 2877 μάχην.

68 2896 170 2987 νείχε
207 2903 245 2967 δέ
281 2904 398 2980 πεζοὺς
434 2902 496 2985 μὲν
534 2904 612 2979 τοὺς
653 2900 799 2977 ἅπαντας
840 2899 1123 2982 ὑπολειπομένους
1141 2919 1169 2959 ει

95 3007 259 3095 Ἕλληνας
300 3008 554 3094 ἑξακισχιλίους,
594 3010 743 3084 Κελτοὺς
786 3006 824 3071 δέ
861 3007 917 3071 καί
954 3007 1124 3081 Σαυνίτας

174 3203 192 3257 4
214 3212 347 3258 ταπεινοῦ
373 3202 406 3258 X.
485 3202 568 3270 7sqq.
595 3201 630 3255 cf.
654 3200 727 3254 Plut.
751 3200 960 3270 Apophthegm.
979 3217 1006 3268 p.
1023 3205 1073 3253 176
1092 3199 1121 3251 F.

103 3274 138 3329 10
163 3274 198 3328 τδι
223 3291 276 3328 om.
298 3275 328 3329 F.
401 3274 435 3327 11
461 3271 522 3328 τότε
547 3272 640 3326 Madv,
664 3272 676 3325 I
699 3289 726 3340 p.
746 3277 807 3325 515.
879 3270 915 3324 14
936 3270 1062 3340 πεντακ]
1087 3271 1122 3324 cf.

103 3346 236 3415 Polyaen.
264 3345 290 3398 V
318 3351 342 3410 3,
365 3351 388 3400 3.
480 3344 516 3398 16
547 3340 735 3414 χωρισθέντος
766 3342 807 3404 είς
834 3342 941 3412 Λιβώην
973 3342 1059 3394 αὐτοῦ
1092 3340 1122 3394 F.

92 3415 355 3487 MnoereldfietoF.
402 3416 437 3470 21
452 3413 552 3484 κρίνας
561 3416 590 3469 F.
634 3414 669 3468 22
684 3410 846 3485 συμφέρειν]
862 3410 1009 3482 συμφόρων
1023 3411 1080 3465 ἐστι
1089 3410 1122 3464 X.

75 3483 121 3534 28
134 3486 322 3556 προαπάγειν
337 3489 370 3546 F.
454 3488 492 3546 25
509 3485 679 3558 πεζοώς’μέν
704 3502 758 3540 om.
775 3485 809 3538 1¹.
853 3480 1075 3552 ὑπολιπομένους
1092 3484 1122 3537 F.

60 3548 106 3601 23
120 3556 281 3622 Μαίων
299 3560 372 3618 libri
393 3581 507 3634 omnes3
530 3563 569 3622 of.
582 3553 1053 3627 Χ6146,6·,Ὴὶι.6,λ·,ῑλ.66.
