2460 3848
414 186 527 252 01.119‚
540 192 567 240 1:
588 191 641 239 τοι
655 201 679 239 ι.
691 185 753 242 chr.
1028 191 1094 255 313

74 333 258 408 δοκοῦντες
293 325 379 396 εἶναι
418 341 486 396 τῶν
526 342 571 416 τῷ
617 333 747 413 βασιλεῖ
792 333 1093 415 συστρατευόντων.

75 437 254 522 γενομένης
282 438 313 501 δ’
335 436 387 502 ἐπ’
408 438 525 522 ὀλίγον
551 439 676 523 χρόνον
705 440 888 522 ναυμαχίας
919 441 952 504 ολ
975 437 1094 504 Ῥόδιοι

74 545 268 629 βιασάμενοι
297 554 365 608 τῶν
393 554 481 609 νεῶν
511 543 708 630 αὐτάνδρων
737 542 946 629 ἐκυρίευσαν,
976 545 1014 610 ἐν
1044 537 1094 623 οίς

73 649 116 736 ἦν
143 651 198 717 καί
226 655 386 734 Τιμοκλῆς
413 650 431 715 ὁ
459 650 699 737 ἀρχιπειρατής.
745 648 951 717 ἐπέπλευσαν
974 652 1012 716 δὲ
1038 653 1128 718 καλε

42 769 141 823 ετῶν
167 758 321 841 ἐμπόρων
347 757 415 822 τισί
440 757 496 822 καλ
522 760 741 844 παρελόμενοι
767 757 904 841 κέλητας
934 759 995 823 οὐκ
1025 759 1093 824 ὀλί-

73 889 154 949 γους
176 865 337 948 γέμοντας
360 866 454 930 σίτου
477 866 617 942 τούτους
639 888 675 929 τε
697 864 753 929 καλ
775 865 816 929 τά
838 874 906 929 τῶν
928 875 1093 948 πειρατῶν

74 973 226 1057 ἄφρακτα
252 974 440 1055 κατήγαγον
468 974 514 1048 είς
541 973 602 1055 τὴν
625 969 739 1037 Ῥόδον
767 974 901 1055 νυκτός,
932 975 1094 1049 λαθόντες

73 1081 152 1155 τοὺς
179 1078 364 1160 πολεμίους.
411 1078 428 1143 ὁ
457 1079 495 1144 δὲ
517 1081 707 1164 Δημήτριος
734 1077 952 1155 ἐπισκευάσας
974 1081 1014 1144 τὰ
1037 1097 1127 1146 eve-7

73 1188 240 1270 πονηκότα
257 1195 325 1251 τῶν
341 1180 449 1270 ἔργων
465 1184 669 1269 προσέβαλλε
688 1196 733 1270 τῷ
753 1187 852 1270 τείχει
869 1187 928 1262 τιλς
946 1187 1093 1271 μηχανάς

28 1313 54 1352 ιο
72 1293 128 1357 καί
150 1301 231 1356 πᾶσι
253 1301 322 1368 τοῖς
344 1290 477 1375 βέλεσιν
500 1291 645 1377 ἀφειδῶς
666 1292 835 1377 χρώμενος
856 1295 936 1368 τοὺς
958 1293 1019 1374 μὲν
1038 1292 1093 1358 έπλ

72 1409 144 1476 ταῖς
180 1396 354 1476 ἐπάλξεσιν
390 1395 576 1480 ἐφεστῶτας
613 1396 756 1484 ἀνεῖρξε,
797 1407 867 1475 τοίς
908 1399 946 1464 δὲ
986 1409 1092 1482 κριοῖς

72 1507 205 1571 τύπτων
236 1506 274 1570 τὸ
306 1504 443 1588 συνεχὲς
473 1513 533 1569 τοῦ
565 1506 670 1570 τόπου
703 1505 765 1570 δύο
797 1505 859 1587 μέν
885 1505 1092 1590 μεσοπύργια

18 1611 249 1696 ιττκατέβαλε,
271 1612 348 1696 περὶ
373 1611 411 1676 δὲ
433 1612 493 1676 τὸν
516 1611 648 1696 πύργον
669 1612 729 1677 τὸν
752 1609 817 1677 ἀνὰ
839 1612 942 1693 μέσον
963 1614 1093 1678 τούτων

72 1719 362 1805 φιλοτιμουμένοις
389 1727 458 1794 τοῖς
486 1716 523 1782 ἐκ
548 1728 607 1801 τῆς
630 1720 756 1795 πόλεως
780 1720 912 1805 ἰσχυροί
934 1720 989 1785 καί
1012 1737 1092 1786 συν-

28 1846 53 1886 ιι
72 1837 156 1911 εχείς
192 1825 228 1892 ἐκ
264 1827 420 1910 διαδοχῆς
456 1824 582 1908 ἀγῶνες
619 1823 785 1909 ἐγίνοντο,
822 1827 906 1891 ὥστε
941 1826 997 1892 καλ
1032 1828 1093 1892 τὸν

72 1934 258 2018 στρατηγὸν
299 1933 410 1997 αὐτῶν
448 1933 603 1997 Ἀνανίαν
644 1932 798 2015 ἐκθύμως
841 1932 1092 2017 ἀγωνισάμενον

72 2040 291 2124 ἀναιρεθῆναι
314 2040 369 2104 καλ
393 2040 536 2124 συχνοὺς
559 2049 626 2104 τῶν
649 2040 760 2104 ἀλλων
783 2050 993 2123 στρατιωτῶν
1011 2039 1092 2105 ἀπο-

71 2153 200 2212 θανεῖν.

136 2249 218 2335 Ἅμα
248 2254 285 2319 δέ
316 2254 446 2329 τούτοις
475 2253 711 2339 πραττομένοις
741 2258 948 2336 Πτολεμαῖος
979 2254 1041 2335 μὲν
1072 2253 1143 2319 698

27 2379 53 2418 εο
71 2362 226 2441 βασιλεὺς
255 2359 424 2425 ἀπέστειλε
451 2369 521 2437 τοῖς
541 2358 678 2437 Ῥοδίοις
705 2369 799 2425 σίτον
821 2359 877 2424 καί
901 2362 963 2445 την
986 2361 1091 2444 ἀλλην

71 2465 198 2549 ἀγορὰν
221 2467 282 2532 οὐκ
310 2465 467 2532 ἐλάττονα
494 2477 552 2551 τῆς
578 2469 743 2551 πρότερον
766 2465 1012 2551 ἐκπεμφθείσης
1035 2468 1091 2533 καὶ

71 2573 271 2654 στρατιώτας
297 2575 424 2658 χιλίους
451 2573 507 2638 καλ
534 2576 786 2657 πεντακοσίους,
815 2566 863 2638 ὧν
888 2569 931 2656 ἦν
958 2576 1091 2659 ἡγεμὼν

67 2675 257 2763 Ἀντίγονος
280 2678 297 2743 ὁ
316 2680 493 2745 Μακεδών.
530 2677 608 2746 καθ’
627 2680 667 2745 ὃν
690 2680 731 2765 δη
754 2682 880 2766 χρόνον
901 2676 985 2764 ἧκον
1007 2682 1091 2764 πρὸς
1109 2700 1124 2746 2

70 2786 130 2850 τὸν
152 2789 346 2870 Δημήτριον
373 2786 527 2870 πρέσβεις
554 2787 643 2871 παρά
669 2809 704 2851 τε
725 2788 913 2870 Ἀθηναίων
941 2787 996 2852 καί
1023 2797 1090 2852 τῶν

26 2914 52 2953 τι
71 2894 181 2958 ἀλλων
209 2890 414 2977 Ἑλληνίδων
445 2895 585 2976 πόλεων,
621 2896 682 2959 τὸν
716 2894 863 2977 ἀριθμὸν
899 2894 960 2976 μὲν
996 2894 1090 2970 ὄντες

70 2999 154 3083 ὑπὲρ
182 3001 260 3075 τοὺς
287 3003 506 3085 πεντήκοντα,
534 3000 655 3077 πάντες
680 3001 717 3065 δὲ
740 2998 910 3077 ἀξιοῦντες
933 3000 1090 3065 διαλύσα-

141 3190 324 3264 9προσέβαλε
338 3194 373 3248 τὰ
386 3191 462 3264 τείχη
476 3195 506 3248 F.
544 3194 801 3264 ‘vatepnxavals’?
816 3193 899 3246 Dind.
955 3193 990 3247 12
1008 3214 1089 3262 μετα-

70 3266 175 3335 πύργια
197 3265 281 3319 Niese
300 3265 312 3318 I
332 3284 360 3334 p.
380 3271 431 3319 331
450 3282 474 3320 ο.
487 3271 510 3319 1.
584 3265 619 3319 13
640 3267 750 3327 τούτοις
771 3263 829 3317 RX.
903 3264 938 3318 16
960 3263 1089 3320 Ἀνανίαν

70 3336 120 3389 RX
144 3335 280 3405 Ἀμεινίαν
303 3337 338 3403 F3
364 3337 479 3390 aliunde
503 3337 537 3390 de
561 3353 594 3391 eo
617 3354 674 3391 non
692 3338 815 3402 constet3
842 3336 939 3404 itaque
962 3339 1089 3404 praestat

71 3409 247 3476 acquiescere
265 3409 294 3462 in
310 3407 458 3463 meliorum
477 3409 606 3462 codicum
623 3408 757 3474 lectione,
776 3423 948 3476 quamquem
966 3408 1089 3474 ‘aliquid

69 3479 159 3532 trehit
182 3480 217 3533 eb
236 3479 386 3546 Hebree0’3
410 3480 466 3533 fuit
488 3478 507 3534 f.
526 3479 650 3542 Ἀνάνιος
671 3479 720 3534 vel
736 3477 854 3537 ’Άναυις
873 3476 1110 3539 &mmew‘e

66 3567 95 3617 p.
111 3555 160 3602 511
178 3553 210 3619 ο).
274 3551 312 3607 24
329 3551 379 3607 καλ
397 3551 478 3623 παρὰ
496 3561 553 3609 τῶν
570 3553 608 3608 P.
670 3551 712 3606 λδ»
727 3540 1139 3604 meeueeeewm-w·
