2460 3848
138 181 205 245 244
504 176 619 238 Diodor.
628 175 680 229 XX
693 181 736 230 4⁷.
746 180 790 230 48.

137 323 199 408 τὴν
235 325 345 406 πόλιν,
381 322 552 387 Σελεύκου
592 322 797 398 καθελόντος
837 320 943 407 αὐτὴν
985 321 1041 386 καλ
1083 344 1158 404 μετ-

138 430 322 514 αγαγόντος
351 427 405 494 ἐπὶ
435 429 496 514 τὴν
527 435 723 494 κτισθεῖσαν
751 426 813 510 μὲν
840 426 898 492 ὑπ’
924 426 1044 512 αὐτοῦ,
1073 425 1154 493 *ἀπ’

78 581 88 597 ,
138 534 267 601 ἐκείνου
288 535 324 601 δὲ
347 541 531 619 κληθεῖσαν
549 535 759 619 Σελεύκειαν.
796 533 880 600 άλλδ
903 535 980 620 περὶ
1002 535 1066 618 μὲν
1081 536 1158 601 τού-

138 665 205 708 των
223 640 367 729 ἀκριβῶς
390 641 509 707 ἕκαστα
533 641 725 726 δηλώσομεν
743 639 799 706 ἐπὶ
821 643 900 718 τοὺς
919 642 1064 719 οἰκείους
1081 644 1159 728 χρό-

104 767 218 826 ινους
247 747 547 835 παραγενηθέντες·
579 757 648 813 τῶν
677 747 715 812 δὲ
746 749 829 813 κατά
857 748 919 832 την
949 748 1094 834 Κύπρον
1126 751 1159 815 ολ
1192 770 1205 812 ι

137 856 213 937 περὶ
242 856 302 920 τὸν
329 854 507 921 Μενέλαον
535 852 711 939 ἡττημένοι
739 863 780 940 τῇ
807 853 893 944 μάχη
921 856 962 919 τά
988 855 1050 938 μέν
1077 856 1158 941 βέλη

137 961 192 1026 καὶ
220 962 279 1039 τὰς
307 963 456 1047 μηχανάς
484 962 710 1047 παρεκόμισαν
739 959 794 1026 ἐπὶ
820 962 861 1026 τά
888 962 978 1046 τείχη
1006 962 1060 1028 καὶ
1088 972 1159 1041 τοῑς

137 1067 351 1153 στρατιώταις
378 1069 593 1152 διαλαβόντες
619 1069 678 1145 τάς
702 1065 851 1145 ἐπάλξεις
874 1069 1158 1151 παρεσκευάζοντο

137 1177 220 1259 πρὸς
243 1176 303 1240 τὸν
325 1177 498 1259 κίνδυνον,
527 1175 669 1261 ὁρῶντες
696 1175 751 1240 καὶ
773 1176 834 1239 τὸν
856 1178 1052 1261 Δημήτριον
1074 1178 1159 1263 πρὸς

103 1283 334 1367 επολιορκίαν
365 1281 628 1366 ἑτοιμαζόμενον,
664 1284 748 1368 πρὸς
784 1281 823 1347 δὲ
854 1286 1066 1365 Πτολεμαῖον
1097 1283 1159 1349 άπ-
1177 1305 1205 1345 ιο

139 1388 287 1454 έστειλαν
324 1391 371 1467 εἰς
402 1389 578 1475 Αἴγυπτον
613 1391 693 1466 τοὺς
730 1389 941 1472 δηλώσοντας
978 1389 1055 1476 περὶ
1089 1399 1159 1457 τῶν

138 1494 373 1579 ἐλαττωμάτων
394 1496 450 1561 καί
473 1494 674 1573 ἀξιώσοντας
696 1499 850 1580 βοηθεῖν,
873 1496 918 1573 ώς
940 1497 1157 1562 κινδυνευόν-

138 1625 205 1668 των
229 1602 317 1691 αύτχθ
340 1613 408 1668 τῶν
431 1601 468 1668 ἐν
491 1612 531 1689 τῇ
555 1606 645 1690 νήσῳ
669 1601 878 1687 πραγμάτων.

84 1710 128 1774 48
210 1713 401 1794 Δημητριος
424 1709 461 1774 δὲ
484 1712 545 1793 τήν
567 1731 603 1774 τε
625 1720 693 1774 τῶν
711 1711 928 1792 Σαλαμινίων
946 1709 1036 1795 ὁρῶν
1058 1712 1159 1775 πόλιν

138 1816 200 1881 ούκ
232 1815 525 1901 εὐκαταφρόνητον
558 1810 664 1881 οὖσαν
694 1815 750 1880 καὶ
787 1828 997 1902 στρατιωτῶν
1027 1821 1159 1902 πλῆθος
1177 1838 1204 1878 ιε

137 1922 289 2008 ὑπάρχον
316 1921 354 1988 έν
384 1923 467 2008 αὐτῇ
491 1933 558 1988 τῶν
581 1921 799 2005 ἀμυνομένων
821 1919 931 2008 έκρινε
953 1922 1099 2010 μηχανάς
1120 1946 1158 1988 τε

137 2040 207 2106 τοῖς
233 2029 412 2113 μεγέθεσιν
434 2029 680 2115 ὑπεραιρούσας
706 2029 959 2108 κατασκευάζειν
981 2032 1037 2096 καὶ
1060 2053 1159 2095 κατα-

138 2137 257 2213 πέλτας
287 2135 455 2220 ὀξυβελεῖς
484 2136 541 2201 καὶ
570 2137 773 2218 λαθοβόλους
801 2138 980 2214 παντοίους
1012 2137 1068 2202 καὶ
1096 2139 1159 2222 τὴν

139 2245 243 2327 ἄλλην
261 2245 466 2328 κατασκευὴν
484 2245 756 2326 καταπληκτικήν.
793 2242 1019 2326 μετεπέμψατο
1042 2244 1080 2309 δὲ
1103 2245 1159 2310 καλ

137 2352 286 2435 τεχνίτας
309 2349 345 2416 ίκ
368 2359 426 2433 τῆς
444 2345 555 2426 Ἀσίας
581 2349 637 2414 καὶ
665 2350 823 2435 σίδηρον,
843 2347 891 2415 έτι
919 2351 951 2414 δ’
967 2350 1050 2434 ύλης
1076 2357 1159 2436 πλη·
1177 2372 1205 2412 εο

137 2464 202 2533 θος
219 2457 275 2522 καί
291 2466 350 2540 της
367 2457 468 2540 άλλης
486 2457 645 2541 χορηγίας
661 2457 723 2542 τὴν
739 2455 927 2541 ἐπιτήδειον
942 2461 1159 2542 κατασκευήν.

103 2565 220 2646 κταχὺ
244 2562 281 2628 δὲ
304 2561 439 2627 πάντων
462 2562 632 2648 εὐτρεπῶν
658 2563 747 2651 αὐτῷ
777 2563 967 2647 γενομένων
995 2563 1159 2648 συνέπηξε

138 2670 288 2753 μηχανὴν
311 2670 373 2753 τὴν
395 2668 642 2754 ὀνομαζομένην
664 2668 828 2754 έλέπολιν,
857 2672 895 2736 τὸ
918 2670 1042 2748 πλάτος
1064 2667 1159 2756 έχου-

139 2791 202 2840 σαν
225 2773 366 2859 ἑκάστην
388 2778 538 2862 πλευράν
560 2776 805 2862 τεσσαράκοντα
826 2777 883 2843 καὶ
907 2776 1006 2842 πέντε
1032 2780 1159 2863 πηχεις,

138 2884 175 2947 τὸ
204 2881 236 2946 δ’
251 2881 338 2961 ύύος
364 2894 480 2969 πηχῶν
503 2883 738 2969 ἐννενήκοντα,
767 2883 1001 2969 διειλημμένην
1027 2882 1159 2968 στέγαις
1177 2905 1204 2946 ετ

138 2988 246 3074 ἐννέα,
268 2989 457 3076 ὑπότροχον
476 2991 513 3056 δὲ
531 3000 642 3056 πᾶσαν
660 3000 792 3077 τροχοῑς
812 3000 958 3077 στερεοῖς
976 2989 1213 3076 τέσσαρσιντεκ

209 3183 225 3236 1
244 3184 348 3252 ταύτην
366 3183 397 3236 1⁴¹.
477 3182 534 3237 23
551 3181 620 3238 *ἀπ’
637 3181 747 3239 ἐκείνου
766 3183 797 3239 δὲ
815 3186 970 3252 κληθεῖσαν
989 3184 1158 3240 Σελεύκειαν

137 3253 217 3321 libri,
241 3255 317 3322 quod
337 3254 402 3309 ferri
422 3254 533 3322 nequi&
557 3255 725 3309 sententiam
744 3256 831 3310 talem
850 3271 911 3312 esse
929 3254 1031 3311 debere
1050 3253 1107 3310 διπδ
1126 3255 1159 3310 δέ

137 3333 186 3379 τοῦ
204 3323 310 3393 πατρὸς
328 3323 438 3381 ἐκείνου
455 3328 610 3394 κληθεῖσαν
629 3324 796 3397 Ἀντιόχειαν
819 3328 896 3383 recte
917 3327 1049 3382 viderunt
1066 3326 1158 3381 Wess.

138 3398 167 3450 et
189 3395 274 3450 Dind.
303 3397 350 3466 (cf.
375 3397 531 3466 Benzinger
556 3413 601 3466 ap.
626 3398 716 3452 P.·W.
740 3416 760 3452 ε.
775 3416 800 3452 v.
825 3397 996 3467 Antiochia).
1069 3397 1105 3453 14
1128 3417 1158 3452 τε

123 3481 178 3519 οιο,
202 3467 235 3522 δ’.
321 3468 361 3525 16
384 3477 442 3527 τῶν
469 3486 524 3526 om.
547 3467 607 3525 RK.
664 3466 863 3541 ἀμυνουμένων
890 3468 983 3524 Madv.
1006 3469 1020 3522 Ι
1066 3512 1071 3523 .
1095 3474 1158 3525 612.

105 3534 150 3587 19
167 3537 220 3591 καί
240 3539 375 3612 τεχνίτας
392 3546 463 3616 post
483 3543 516 3602 ἐκ
532 3552 585 3618 τῆς
598 3539 692 3607 Ἀσίας
703 3541 833 3614 pom.
880 3539 921 3593 θῶ
936 3547 1000 3600 τοῖς
1012 3486 1164 3606 mam&
