2460 3848
106 181 170 247 198
457 176 770 233 Diodor.xx17-19.

103 347 179 389 τινα
206 325 311 389 τόπον
334 323 479 409 ὀρεινόν,
506 322 590 389 όθεν
613 321 759 408 δρᾶσθαι
786 321 933 388 δυνατὸν
955 318 999 406 ἦν
1022 322 1126 391 αὐτὸν

103 431 169 498 ύπό
197 453 232 496 τε
260 441 328 496 τῶν
346 426 598 516 Ἀδρυμητινῶν
619 429 675 495 καί
701 440 770 497 τῶν
792 428 1036 514 Καρχηδονίων
1057 440 1126 496 τῶν

67 539 163 604 4τδν
191 538 323 622 Τύνητα
346 536 626 623 πολιορκούντων.
666 537 787 613 νυκτὸς
810 536 848 603 δὲ
871 534 1034 614 συντάξας
1057 547 1127 615 τοῖς

104 645 318 731 στρατιώταις
358 643 413 710 ἐπί
454 646 563 711 πολὺν
603 645 708 710 τόπον
748 644 839 729 πυρά
878 641 983 728 κάειν,
1024 641 1127 721 δόξαν

104 750 330 836 <ἐν>εποίησε
356 760 426 828 τοίς
452 751 515 834 μὲν
537 750 782 836 Καρχηδονίοις
810 751 854 828 ὡς
881 751 962 832 μετά
984 751 1127 835 μεγάλης
1156 770 1172 815 ,ι

104 857 276 941 δυνάμεως
299 854 350 924 ἐπ’
369 857 492 936 αὐτοὺς
513 860 753 944 πορευόμενος,
775 865 845 935 τοῖς
868 856 906 923 δὲ
929 862 1126 943 πολιορκου-

103 964 216 1048 μένοις
245 964 290 1043 όις
320 966 421 1050 άλλης
451 964 623 1047 δυνάμεως
653 963 756 1050 ἁδρᾶς
784 973 854 1041 τοῖς
881 966 1051 1048 πολεμίοις
1079 965 1127 1042 είς

68 1091 84 1140 5
105 1073 293 1156 συμμαχίαν
316 1071 635 1157 παραγεγενημένης.
676 1071 858 1157 ἀμφότεροι
881 1071 918 1137 δὲ
940 1081 986 1160 τῷ
1009 1071 1127 1152 ψεύδει

104 1187 165 1264 τοῦ
189 1182 457 1264 στρατηγήματος
479 1176 784 1264 παραλογισθέντες
806 1180 1002 1263 παραλόγως
1028 1178 1127 1262 ἠλατ-

103 1285 274 1369 τώθησαν,
302 1286 335 1351 οἱ
357 1285 418 1368 μὲν
440 1286 501 1352 τὸν
529 1286 660 1370 Τύνητα
682 1289 938 1370 πολιορκοῦντες
962 1287 1128 1369 φυγόντες
1147 1308 1174 1346 ιο

105 1393 151 1470 είς
181 1392 385 1478 Καρχηδόνα
413 1392 469 1459 καί
498 1394 556 1470 τάς
585 1393 733 1478 μηχανάς
765 1391 997 1475 ἀπολιπόντες,
1030 1393 1062 1457 ολ
1092 1389 1123 1456 δ’

100 1499 335 1586 Ἀδρυμητινοὶ
363 1500 419 1565 διά
445 1501 505 1565 τὸν
529 1501 639 1584 φόβον
662 1500 868 1585 παραδόντες
890 1500 952 1584 τὴν
974 1499 1127 1584 πατρίδα.

68 1625 84 1674 6
101 1603 307 1692 Ἀγαθοκλῆς
326 1605 363 1672 δὲ
381 1607 506 1691 ταύτην
525 1605 569 1672 δι’
587 1605 764 1690 ὁμολογίας
786 1607 989 1691 παραλαβὼν
1010 1605 1128 1685 Θάψον

105 1705 172 1779 εἷλε
199 1715 282 1779 κατά
309 1712 428 1798 κράτος
454 1713 510 1780 καλ
538 1724 606 1779 τῶν
634 1714 745 1780 άλλων
771 1724 839 1779 τῶν
866 1714 969 1803 ταύτη
996 1713 1128 1778 πόλεων

105 1819 143 1898 ἃς
171 1819 233 1903 μὲν
260 1817 543 1906 ἐξεπολιόρκησεν,
571 1819 610 1898 ἃς
633 1820 671 1887 δὲ
693 1820 934 1905 προσηγάγετο·
961 1820 1020 1896 τάς
1045 1818 1128 1884 ἁπά-
1147 1840 1175 1881 ιι

105 1942 166 2005 σας
188 1927 226 1992 δὲ
248 1929 362 2005 πόλεις
384 1929 520 2005 πλείους
542 1938 610 1994 τῶν
629 1927 809 1993 διακοσίων
825 1925 1061 2012 κεχειρωμένος
1080 1926 1129 2004 είς

104 2037 183 2112 τοὺς
217 2035 285 2100 άνω
318 2036 443 2113 τόπους
473 2044 532 2120 της
563 2033 692 2119 Λιβύης
728 2033 888 2099 διενοεῖτο
926 2033 1128 2118 στρατεύειν.

40 2142 93 2207 -18
106 2139 344 2220 ἀναζεύξαντος
373 2135 437 2206 οὖν
464 2140 568 2207 αὐτοῦ
597 2140 653 2205 καί
682 2141 818 2216 πλείους
844 2139 966 2226 ἡμέρας
994 2139 1128 2206 ὁδοιπο-

106 2257 246 2334 ροῦντος
268 2248 497 2334 Καρχηδόνιοι
523 2248 585 2331 την
610 2244 646 2311 ἐκ
669 2248 825 2323 Σικελίας
851 2247 1129 2331 διακομισθεῖσαν

105 2355 250 2437 δύναμιν
273 2355 328 2420 καί
355 2355 417 2439 την
440 2354 544 2436 άλλην
568 2354 726 2438 στρατιάν
752 2355 1000 2439 προαγαγόντες
1026 2354 1129 2419 πάλιν
1146 2375 1175 2416 εο

104 2462 164 2527 τὸν
197 2461 328 2545 Τύνητα
357 2464 550 2545 πολιορκεῖν
577 2457 793 2546 ἐπεχείρησαν
820 2460 875 2525 καί
902 2471 969 2526 τῶν
996 2463 1129 2546 χωρίων

106 2567 168 2633 οὐκ
187 2567 283 2651 ὀλίγα
301 2577 369 2633 τῶν
387 2566 453 2631 ὑπὸ
471 2568 550 2644 τοὺς
569 2569 747 2651 πολεμίους
768 2567 876 2633 όντων
895 2567 1127 2654 ἀνεκτήσαντο.

101 2673 306 2760 Ἀγαθοκλῆς
338 2672 391 2757 δέ,
423 2675 654 2759 βιβλιαφόρων
685 2673 773 2760 αὐτῷ
803 2672 1183 2767 παραγεγενημένων419

176 2831 193 2885 2
212 2828 267 2887 ὑπὸ
281 2839 330 2902 της
343 2839 398 2886 τῶν
412 2831 614 2900 Ἀδρυμητινῶν
629 2831 674 2902 (cf.
689 2831 819 2886 Meineke
834 2832 871 2885 ad
886 2831 981 2900 Steph.
992 2831 1059 2900 Βγκ.
1070 2848 1091 2884 ε.
1101 2850 1127 2886 v.

103 2904 245 2973 Ἀδρύμης)
260 2902 323 2970 RX3
338 2910 386 2972 της
401 2902 564 2969 del.Wess.,
580 2919 648 2957 corr.
661 2903 759 2969 Dind.;
779 2901 849 2957 ὅθεν
864 2901 989 2972 ὁρᾶσθαι
1004 2898 1128 2958 δυνατόν

104 2971 139 3045 ἦν
163 2975 238 3048 αύτῷ
259 2971 314 3029 ὑπὸ
337 2982 386 3044 τῆς
408 2983 463 3028 τῶν
486 2973 697 3044 Ἀδραμυτύνων
717 2975 809 3044 χώρας
827 2974 849 3027 F
873 2975 983 3028 omissis
1001 2973 1128 3042 reliquis,

104 3047 134 3101 in
152 3063 215 3100 mar
236 3089 241 3100 .
262 3046 326 3100 add.
347 3052 371 3099 2.
386 3063 422 3099 m.
441 3054 497 3100 τῶν
515 3043 565 3100 τόν
586 3046 698 3114 Τύνητα
716 3046 950 3114 πολιορκούντων,
1022 3044 1040 3099 3
1062 3061 1128 3100 συν-

103 3117 187 3184 τάξαι
210 3064 244 3172 Ξ.
317 3117 335 3171 4
359 3115 491 3171 καίεινΚ
517 3115 563 3187 (cf.
588 3116 704 3171 Gr6nert
728 3134 811 3172 mem.
835 3117 880 3172 Gr.
900 3116 982 3172 Herc.
1006 3135 1034 3187 p.
1055 3119 1127 3186 106).

104 3190 122 3244 θ
145 3186 337 3261 <ἐν>εποίησε
360 3189 449 3243 Hertl.
464 3188 520 3242 112
540 3205 567 3256 p.
584 3192 617 3242 18
636 3205 690 3243 see.
710 3187 827 3243 Diodori
852 3205 940 3259 genus
967 3188 1020 3241 dic.
1075 3187 1128 3257 μὲν

104 3277 158 3316 om.
173 3260 203 3327 F,
223 3259 315 3330 suppl.
335 3266 359 3314 2.
374 3278 410 3314 m.
483 3259 563 3314 5-7
582 3258 650 3328 μετὰ
668 3259 788 3329 μεγάλης
806 3258 950 3329 δυνάμεως
968 3260 1018 3314 καλ
1037 3257 1128 3326 ἁδρᾶς

103 3332 139 3400 F3
165 3333 269 3386 omissa
295 3331 386 3401 suppl.
407 3338 431 3385 2.
446 3349 482 3386 m.
504 3331 534 3384 in
557 3330 612 3385 fine
634 3347 700 3400 pag.
774 3331 791 3386 8
817 3334 922 3402 ψευδεῖ
946 3330 1012 3385 dub.
1040 3330 1126 3385 Dind.

98 3403 140 3476 12
152 3403 321 3474 Ἀδρυμηνολ
339 3403 390 3456 RX
407 3402 599 3471 Ἀδραμυτινολ
617 3401 647 3454 F.
707 3401 743 3456 13
763 3401 872 3458 Θάττον
890 3401 923 3456 X.
983 3402 1019 3456 16
1037 3402 1126 3474 διακ]

86 3471 126 3526 αἱ
151 3472 241 3528 θεοίο
263 3474 304 3530 VI
323 3494 352 3546 p.
370 3481 422 3531 766
439 3491 463 3532 a.
479 3479 523 3530 51.
597 3472 633 3529 λθ
657 3472 801 3543 στρατείαν
824 3475 854 3527 F.
927 3473 961 3528 21
985 3469 1127 3544 ἐγχωρίων

67 3537 100 3591 B
118 3543 203 3609 (con.
228 3553 254 3602 2.
270 3551 324 3619 m.)
344 3547 405 3606 XF.
