2460 3848
101 188 165 252 176
440 224 442 228 -
471 183 646 240 Diodor.XX
660 190 746 237 2-4.

100 328 207 415 έργων
224 336 372 415 φανήναι
390 331 580 415 τὸνλόγον·
600 326 670 395 ἔστι
688 326 719 394 δ’
733 330 787 395 ὅτε
806 331 895 414 παρά
914 331 1121 416 προσδοκίαν

99 447 159 503 τοῦ
183 437 299 515 τέλους
321 436 479 521 ἐκβάντος
497 435 825 520 ἀναγκασθησόμεθα
842 446 912 513 τοῖς
930 438 1119 516 (οἰκείοις)

98 552 157 630 τῆς
175 544 368 622 ὑποθέσεως
387 545 498 627 λύγοις
520 547 709 629 χρήσασθαι
731 543 830 628 χάριν
852 552 912 608 τοῦ
936 549 1034 609 λῦσαι
1057 544 1121 628 τήν

63 669 79 719 3
99 651 247 736 ἀλογίαν.
285 651 368 717 ἀλλὰ
387 651 463 737 περί
480 650 542 733 μὲν
560 651 688 716 τούτων
707 652 780 729 άλις
801 651 881 734 ήμλν
905 649 1018 735 ἐχέτω,
1041 651 1121 735 περί

98 758 136 823 δὲ
154 768 222 824 τῶν
239 757 467 840 ὑποκειμένων
485 754 636 843 πράξεων
655 758 784 843 ῥητέον,
808 751 1019 844 παραθέντας
1037 759 1120 843 πρό·
1152 779 1164 818 ε

52 859 54 862 ’
98 888 196 949 τερον
223 868 302 942 τοὺς
330 866 473 941 οἰκείους
499 873 539 949 τῇ
567 874 680 950 γραφή
708 867 860 951 χρόνους.
905 863 943 931 ἐν
965 864 1027 945 μὲν
1055 858 1120 929 οὖν

97 982 170 1048 ταῖς
195 971 462 1058 προηγουμέναις
488 964 627 1053 βύβλοις
655 971 932 1056 ἀναγεγράφαμεν
957 970 1022 1036 ἀπὸ
1049 981 1120 1036 τῶν

98 1078 323 1164 ἀρχαιοτάτων
345 1081 477 1165 χρόνων
500 1079 558 1155 τάς
580 1077 714 1162 πράξεις
735 1078 793 1155 τάς
813 1101 848 1143 τε
866 1089 933 1144 τῶν
947 1076 1119 1162 Ἑλλήνων

97 1186 153 1250 καὶ
174 1186 354 1272 βαρβάρων
376 1185 436 1262 ἕως
458 1183 513 1250 ἐπὶ
536 1185 594 1250 τὸν
613 1185 866 1271 προηγούμενον
885 1184 1041 1250 ἐνιαυτὸν
1058 1191 1118 1269 τής

93 1290 336 1375 Ἀγαθοκλέους
365 1293 536 1378 στρατείας
565 1293 613 1368 εἰς
641 1293 703 1376 τήν
729 1292 873 1377 Λιβύην,
903 1293 950 1369 εἰς
978 1293 1022 1376 ήν
1052 1290 1117 1356 ἀπὸ
1137 1312 1163 1352 ιο

103 1401 222 1485 Τροίας
245 1399 398 1476 ἁλώσεως
420 1396 474 1483 ἔτη
499 1398 677 1481 συνάγεται
700 1400 789 1483 τρισὶ
812 1400 913 1464 πλείω
937 1411 1003 1464 τῶν
1022 1398 1117 1465 ὀκτα·

97 1508 221 1572 κοσίων
253 1507 471 1592 ὀγδοήκοντα·
504 1503 541 1571 ἐν
572 1506 675 1596 ταύτη
707 1506 745 1571 δὲ
776 1507 814 1571 τὸ
847 1506 983 1590 συνεχὲς
1013 1521 1117 1592 προσ-

97 1613 248 1691 τιθέντες
283 1619 343 1697 τής
380 1613 526 1696 ἱστορίας
562 1610 731 1698 ἀρξόμεθα
766 1612 828 1694 μὲν
864 1612 928 1677 ἀπὸ
970 1619 1028 1697 της
1069 1614 1117 1690 εἰς

96 1721 229 1805 Λιβύην
261 1719 444 1802 διαβάσεως
471 1718 728 1804 Ἀγαθοκλέους,
760 1717 983 1804 καταλήξομεν
1015 1716 1045 1784 δ’
1069 1721 1117 1796 εἰς

96 1828 156 1892 τὸν
192 1825 347 1893 ἐνιαυτὸν
382 1824 460 1892 καθ’
492 1824 532 1890 ὃν
569 1827 602 1890 ολ
637 1828 785 1908 βασιλεῖς
820 1830 1116 1913 συμφρονήσαντες
1135 1843 1160 1884 1⁶

96 1943 192 2020 κοινή
223 1935 435 2016 διαπολεμεῖν
464 1930 606 2019 ήρξαντο
636 1934 720 2016 πρὸς
744 1929 938 2017 Ἀντίγονον
967 1934 1026 1998 τὸν
1056 1935 1115 1997 Φι-

97 2043 237 2125 λίππου,
260 2043 496 2127 περιλαβόντες
519 2037 573 2123 έτη
598 2038 702 2105 ἐννέα.

56 2149 76 2214 3
109 2172 112 2177 ’
164 2144 237 2212 Ἐπ’
250 2149 410 2234 άρχοντος
425 2149 488 2233 γάρ
506 2148 687 2230 Ἀθήνησιν
699 2144 951 2233 Ἱερομνήμονος
965 2145 1116 2229 Ῥωμαῖοι

95 2254 156 2336 μὲν
183 2254 331 2331 ὑπάτους
358 2253 561 2338 κατέστησαν
589 2254 692 2319 Γάιον
716 2250 859 2320 Ἰούλιον
886 2255 941 2320 καί
968 2257 1116 2320 Κόιντον

95 2363 264 2445 Αἰμίλιον,
287 2362 369 2426 κατὰ
392 2361 430 2426 δὲ
452 2363 513 2445 τήν
532 2361 691 2425 Σικελίαν
710 2360 915 2445 Ἀγαθοκλῆς
937 2361 1116 2445 ἡττημένος
1134 2381 1160 2419 2⁰

95 2467 162 2532 ὑπὸ
190 2469 433 2553 Καρχηδονίων
461 2476 501 2553 τῇ
532 2468 608 2551 περί
637 2469 696 2533 τὸν
720 2465 850 2552 Ἱμέραν
879 2468 964 2557 μάχη
994 2468 1050 2532 καὶ
1077 2470 1114 2533 τὸ

95 2579 252 2640 πλεῖστον
283 2575 339 2640 καὶ
370 2574 546 2660 κράτιστον
578 2581 637 2659 τῆς
673 2575 845 2657 δυνάμεως
880 2573 1116 2659 ἀποβεβληκὼς

59 2681 288 2767 κσυνέφυγεν
316 2682 365 2759 εἰς
394 2683 452 2758 τὰς
480 2680 731 2765 Συρακούσσας.
784 2681 873 2767 ὁρῶν
902 2680 940 2745 δὲ
969 2682 1048 2758 τούς
1079 2705 1115 2746 τε

96 2789 287 2872 συμμάχους
310 2789 457 2864 ἅπαντας
479 2787 785 2872 μεταβεβλημένους
807 2788 862 2852 καί
884 2790 963 2865 τοὺς
989 2789 1115 2872 βαρβά-

166 2983 183 3037 2
206 2989 265 3043 τοῖς
283 2979 441 3054 <οἰκείοις>
459 2990 507 3051 τῆς
530 2983 615 3036 ύποθ.
635 2979 727 3052 λόγοις
750 2981 849 3050 scripsi
872 2980 917 3052 (ef.
936 2978 1000 3033 XIX
1019 2986 1062 3048 34,
1078 2985 1113 3051 3).

96 3055 111 3108 7
131 3051 236 3125 βίβλοις
253 3053 275 3106 F
295 3068 416 3120 semper,
434 3051 460 3104 X
478 3069 570 3121 saepe.
639 3053 675 3107 10
694 3061 823 3121 στρατιᾶς
840 3053 870 3107 F.
908 3052 948 3114 εἰς
967 3049 999 3106 ὃν
1018 3051 1115 3122 Unger

94 3125 194 3179 Philol.
209 3123 257 3176 XL
276 3142 303 3192 p.
320 3129 379 3177 100.
442 3124 478 3179 12
496 3123 670 3194 ὀγδοήκοντα
688 3121 754 3178 libri
773 3141 881 3190 omnes3
900 3140 930 3177 re
950 3140 1014 3178 vere
1034 3123 1115 3194 ἑβδο·

95 3196 220 3266 μήκουια
245 3194 422 3249 scn'bendum
445 3196 532 3250 fuisse
553 3194 685 3264 probavit
703 3194 792 3250 Wess.
817 3196 863 3265 (cf.
882 3194 946 3248 XIX
966 3198 1063 3264 1,10);
1084 3198 1115 3249 at

95 3267 249 3321 Diodorum
274 3268 367 3335 ipsum
393 3283 498 3322 errasse
524 3283 622 3323 censeo
649 3285 712 3322 cum
737 3267 849 3336 Ungero
879 3267 923 3336 (cf.
947 3265 1012 3319 XHI
1035 3272 1060 3331 1,
1077 3269 1112 3335 2).

95 3337 130 3393 13
158 3335 214 3393 ἀπὸ
243 3354 296 3394 om.
319 3337 377 3392 RX.
450 3338 486 3393 15
512 3339 744 3408 συμφωνήσαντες
769 3339 798 3393 F.
872 3338 907 3392 18
935 3337 999 3410 γάρ]
1029 3336 1056 3392 δ’
1082 3339 1112 3393 F.

95 3410 131 3465 19
145 3407 263 3464 Ἰούλιον
281 3409 347 3464 libn·
364 3409 458 3480 (aliter
471 3409 535 3463 XIX
550 3417 591 3477 17,
604 3412 642 3481 1);
657 3411 712 3464 Liv,
729 3409 767 3463 IX
781 3414 815 3463 30
830 3408 875 3477 (ef.
886 3409 905 3464 f.
916 3412 950 3478 c.)
965 3409 993 3463 Ο.
1004 3409 1112 3464 Junius.

79 3479 310 3549 ΖθΑήνίλιονΧ
320 3481 461 3553 Λίμύλιον
474 3481 505 3538 F.
566 3481 601 3537 21
620 3479 675 3537 δπὸ
693 3490 748 3536 τῶν
762 3487 796 3536 Κ.
812 3481 841 3535 F.
867 3480 902 3534 ef.
916 3479 980 3534 XIX
996 3485 1110 3550 loesqq.

63 3545 110 3600 28
121 3552 343 3620 Συρακούσσας
361 3555 415 3611 RX
436 3573 558 3628 semper.
597 3575 626 3610 τε
645 3571 701 3610 om.
711 3552 773 3608 XX.
