2460 3848
108 196 173 262 292
474 191 759 249 Diodofflsm.

72 339 189 404 4κατά
216 344 282 422 μην
303 337 359 403 καλ
385 339 467 404 κατά
494 337 672 404 θάλατταν.
718 335 978 421 ἐδενδροτόμησε
1006 337 1044 402 δὲ
1070 337 1126 402 καί

107 447 169 530 τὴν
192 447 335 529 πλησίον
358 445 469 529 χώραν
491 444 548 510 καὶ
573 449 709 510 καθεῖλε
737 444 793 521 τὰς
821 426 988 528 ἐπαύλεις,
1016 442 1049 522 ἐξ
1078 438 1126 508 ὧν

108 551 264 636 ὠχύρωσε
286 552 348 635 τὴν
367 552 634 635 στρατοπεδείαν,
658 551 847 634 περιλαβὼν
864 555 990 639 τριπλῷ
1009 551 1128 636 χάρακι

107 658 163 723 καὶ
186 659 398 742 σταυρώμασι
420 667 560 733 πυκνοῖς
587 656 643 721 καὶ
669 657 837 742 μεγάλοις,
865 658 948 722 ὥστε
976 659 1037 742 την
1059 668 1127 723 τῶν

108 767 275 847 πολεμίων
294 763 423 848 βλάβην
440 766 597 848 γίνεσθαι
616 774 683 828 τῶν
703 764 798 829 ῖδίων
817 763 1010 848 ἀσφάλειαν.
1046 767 1128 846 μετά
1161 784 1172 824 ι

110 871 268 936 δὲταῦτα
285 870 373 960 πάση
392 879 432 956 τῇ
451 869 591 952 δυνάμει
608 869 664 934 καὶ
681 879 751 946 τοῖς
769 871 985 954 πληρώμασιν
1004 867 1128 955 ἐχωσεν

110 975 147 1043 ἐν
177 977 304 1061 ὀλύμαις
332 977 467 1061 ἡμέραις
497 977 534 1041 τὸ
563 974 682 1057 μεταξύ
712 984 771 1062 τῆς
799 979 926 1054 πόλεως
955 978 1128 1043 διαλεῖπον

109 1085 192 1170 πρὸς
214 1086 276 1169 τὴν
296 1080 433 1167 ἔκβασιν
455 1082 511 1150 καί
532 1083 750 1148 κατεσκεύασε
774 1083 889 1166 λιμένα
912 1094 983 1161 ταῖς
1005 1084 1129 1149 ναυσίν

111 1191 285 1277 ἀρκοῦντα.

57 1298 100 1362 84
185 1299 226 1363 Οἱ
245 1297 283 1362 δέ
296 1295 417 1363 Ῥόδιοι
435 1296 530 1382 μέχρι
548 1295 609 1378 μέν
627 1319 717 1373 τινος
736 1295 890 1381 πρέσβεις
908 1295 1129 1378 ἐκπέμποντες
1149 1318 1172 1357 ιι

110 1403 226 1489 ἠξίουν
248 1404 352 1489 μηδὲν
374 1401 496 1488 πρᾶξαι
518 1403 600 1467 κατά
623 1409 681 1487 τῆς
703 1404 829 1481 πόλεως
852 1404 1047 1488 ἀνήκεστον·
1079 1404 1172 1481 ὡς4οι

110 1509 141 1576 δ’
159 1504 407 1588 ούδεὶςαύτοῖς
429 1519 616 1593 προσεῖχεν,
644 1508 847 1592 ἀπογνόντες
873 1512 931 1589 τάς
960 1511 1130 1588 διαλύσεις

109 1616 295 1700 ἐξέπεμψαν
312 1617 517 1702 πρεσβευτάς
534 1617 617 1699 πρὸς
636 1621 846 1698 Πτολεμαῖον
863 1618 920 1681 καί
933 1620 1129 1703 Λυσίμαχον

110 1726 166 1789 καί
197 1723 411 1806 Κάσανδρον,
448 1721 617 1800 ἀξιοῦντες
648 1725 800 1806 βοηθεῖν,
837 1724 881 1800 ὡς
912 1731 970 1808 της
1002 1727 1130 1801 πόλεως

76 1849 90 1896 2
111 1830 383 1915 προπολεμούσης
405 1828 490 1912 ὑπὲρ
514 1829 632 1894 αὐτῶν.
673 1839 741 1894 νῦν
764 1826 794 1894 δ’
812 1828 850 1895 ἐν
872 1839 912 1915 τη·
936 1833 1031 1896 πόλει
1052 1854 1130 1897 κατ-
1149 1851 1172 1892 ιι

111 1938 294 2030 οικούντωιν
323 1937 493 2021 παροίκων
522 1936 578 2001 καί
605 1934 709 2013 ξένων
736 1936 850 2012 δόντες
877 1934 1032 2013 ἐξουσίαν
1059 1948 1130 2016 τοῖς

111 2043 327 2128 βουλομένοις
354 2044 641 2126 συναγωνίζεσθαι
669 2044 747 2118 τοῦς
777 2045 913 2120 λοιποὺς
944 2042 1131 2128 ἀχρήστους

59 2137 64 2145 ’
111 2149 148 2217 ἐκ
169 2158 229 2235 τῆς
251 2147 377 2226 πόλεως
396 2147 591 2232 ἐξέπεμψαν,
614 2150 680 2232 άμα
698 2149 759 2231 μὲν
777 2156 836 2233 τῆς
853 2160 920 2214 τῶν
939 2149 1130 2233 ἀναγκαίων

112 2256 240 2334 ἐνδείας
276 2254 536 2340 προνοηθέντες,
573 2256 639 2336 ἅμα
675 2256 713 2321 δὲ
748 2257 804 2321 καί
839 2264 898 2321 τοῦ
931 2256 1057 2341 μηδένα
1088 2267 1129 2343 τῇ

112 2363 306 2429 καταστάσει
334 2363 595 2446 δυσχεραίνοντα
621 2364 778 2446 γίνεσθαι
805 2370 863 2446 τῆς
892 2360 1019 2441 πόλεως
1048 2386 1130 2450 προ·
1149 2385 1172 2424 ει

113 2466 222 2553 δότην.
260 2469 406 2555 ἀριθμὸν
422 2468 460 2533 δὲ
478 2468 693 2553 ποιησάμενοι
711 2480 778 2534 τῶν
793 2469 990 2552 δυναμένων
1009 2471 1131 2554 άψωνί-

113 2580 227 2655 ζεσθαι
250 2581 395 2640 πολιτῶν
417 2575 478 2657 μὲν
501 2571 602 2657 εὗρον
624 2576 701 2660 περὶ
724 2575 976 2661 ἑξακισχιλίους,
1000 2589 1068 2644 τῶν
1092 2580 1131 2645 δέ

77 2684 282 2768 επαροίκων
309 2682 365 2746 καὶ
393 2680 496 2760 ξένων
519 2685 566 2760 εἰς
593 2686 728 2768 χιλίους.
775 2681 981 2767 ἐψηφίσαντο
1009 2685 1047 2750 δέ
1073 2686 1131 2751 καί

113 2800 180 2856 τῦν
205 2789 336 2854 δούλων
356 2791 434 2866 τοὺς
457 2790 581 2873 άνδρας
604 2791 755 2873 ἀμαθοῦς
776 2790 978 2873 γενομένους
1000 2790 1037 2856 ἐν
1060 2802 1132 2870 τοῖς

112 2896 283 2972 κινδύνοις
302 2893 530 2980 ἀγοράσαντας
547 2898 636 2982 παρά
655 2907 721 2962 τῶν
737 2898 909 2963 δεσποτῶν
925 2897 1132 2984 ἐλευθεροῦν
1151 2918 1172 2959 21

113 3003 168 3068 καί
190 3005 326 3081 πολίτας
349 2998 447 3069 εἶναι·
471 3001 620 3089 ἔγραψαν
639 3003 677 3068 δὲ
699 3003 754 3069 καὶ
777 3015 843 3070 τῶν
861 3006 1132 3089 τελευτησάντων

113 3109 150 3175 ἐν
181 3122 226 3196 τῷ
258 3110 389 3198 πολέμῳ
421 3112 461 3175 τά
492 3110 553 3192 μὲν
585 3110 718 3193 σώματα
749 3111 892 3198 δημοσία
927 3112 1132 3199 θάπτεσθαι,

184 3267 201 3321 ὅ
224 3267 275 3337 τὴν
300 3276 356 3322 τῶν
381 3265 461 3321 ἰδίων
485 3267 511 3320 ά.
530 3267 561 3323 F.
633 3267 652 3321 6
672 3272 706 3340 τῇ
731 3285 784 3322 om.
806 3269 835 3321 F.
911 3270 924 3323 7
949 3266 1080 3324 διαλιπὸν
1098 3270 1131 3326 F.

112 3338 148 3393 15
159 3339 408 3407 ,προσπολεμούσης
426 3338 504 3404 libri;
525 3356 593 3393 corr.
608 3339 696 3393 Wess.
752 3340 785 3394 17
805 3340 842 3402 ὡς
861 3340 1014 3409 ἀχρήστους
1031 3341 1053 3394 F
1073 3343 1092 3395 f.
1107 3362 1131 3399 r.

98 3409 140 3461 25
157 3410 353 3479 άχοράσαντες
372 3409 461 3466 WesS.
479 3409 492 3464 l
509 3427 537 3480 p.
553 3417 617 3478 5163
637 3411 671 3464 cf.
691 3411 932 3465 Kuehner-Gerth
949 3413 1005 3465 112
1025 3431 1051 3480 p.
1068 3419 1133 3472 112.

84 3476 132 3533 25.
154 3480 197 3533 26
221 3481 401 3554 ἐλευθεροῦν
426 3483 479 3540 καὶ
503 3481 622 3548 πολίτας
648 3477 808 3554 ⁸1quva
834 3481 992 3547 ἐλευθερίαν
1015 3482 1134 3549 πολίτας

70 3541 154 3602 εἶναι
173 3552 209 3621 F,
231 3571 307 3613 corr.
328 3563 354 3616 2.
372 3578 412 3616 m.
433 3559 468 3616 in
487 3577 584 3632 marg.
