2460 3848
425 187 467 242 OL
479 192 539 255 116,
550 193 579 242 2:
599 192 650 242 315
666 203 691 241 a.
702 186 765 243 chr.
1061 190 1102 256 97

86 357 186 416 μενος
208 329 339 417 ἔγημεν,
363 343 516 417 φανερῶς
539 331 576 397 δὲ
599 330 790 411 ἐξιδιάζεται
812 333 874 416 την
896 333 1105 398 Μακεδόνων

86 441 270 524 βασιλείαν,
299 435 348 503 ἐτι
376 437 413 503 δὲ
436 439 481 516 ὡς
501 441 699 516 Ὀλυνθίους
722 439 820 516 όντας
842 439 1106 522 πολεμιωτάτους

86 546 297 613 Μακεδόνων
314 542 497 634 κατςάκισεν
515 547 564 622 είς
585 547 647 630 τὴν
665 545 843 629 ὁμώνυμον
864 545 984 612 ἑαυτοῦ
1007 547 1106 612 πόλιν

86 654 142 719 καί
167 656 279 738 Θηβας
304 652 464 737 ἀνέστησε
487 654 545 728 τάς
566 651 633 718 ὑπὸ
656 653 866 718 Μακεδόνων
888 655 1107 737 κατασκαφεί-

56 777 155 836 ισας.
202 759 545 844 συναγανακτούντων
568 758 606 824 δὲ
628 770 695 825 τῶν
718 760 827 845 όχλων
850 756 972 845 έγραιμε
1000 760 1107 844 δόγμα
1125 777 1141 825 3

86 862 166 932 καθ’
185 865 203 931 ὃ
227 868 287 932 τὸν
308 866 511 950 Κάσανδρον
533 864 719 951 ἐψηφίσατο
742 866 901 950 πολέμιον
924 861 1025 950 εἶναι,
1048 865 1107 931 ἐάν

87 973 131 1056 μὴ
163 972 221 1048 τάς
252 995 287 1038 τε
318 975 432 1049 πόλεις
463 972 589 1063 καθέλη
621 973 676 1038 καί
707 975 767 1038 τὸν
799 973 937 1056 βασιλέα
963 974 1020 1038 καλ
1047 975 1108 1058 την

88 1079 211 1163 μητέρα
247 1081 308 1163 την
341 1077 504 1163 Ῥωξάνην
540 1081 741 1164 προαγαγὼν
781 1078 819 1145 ἐκ
859 1091 918 1166 τῆς
958 1086 1108 1166 φυλακῆς

88 1185 202 1271 ἀποδῶ
234 1196 304 1264 τοῖς
331 1186 506 1252 Μακεδόσι
536 1187 592 1251 καί
623 1188 661 1252 τὸ
694 1187 840 1254 σύνολον
871 1185 931 1253 ἐάν
962 1188 1006 1271 μη
1038 1209 1108 1252 πει-

42 1315 69 1355 ιο
87 1299 199 1378 θαρχῇ
227 1303 272 1382 τῳ
300 1293 535 1380 καθεσταμένῳ
563 1305 734 1380 στρατηγῶ
764 1294 820 1360 καλ
851 1305 909 1380 της
940 1296 1109 1377 βασιλείας

88 1403 307 1485 παρειληφότι
335 1402 396 1484 τὴν
424 1399 612 1482 ἐπιμέλειαν
637 1402 823 1488 Ἀντιγόνῳ.
875 1395 962 1466 εἷναι
989 1401 1027 1466 δὲ
1053 1401 1109 1465 καλ

88 1509 166 1584 τοὺς
182 1503 346 1592 Ἕλληνας
369 1508 516 1584 ἅπαντας
538 1505 754 1593 ἐλευθέρους,
778 1508 1027 1594 ἀφρουρήτους,
1050 1508 1108 1572 αὐ-

88 1616 259 1696 τονόμους.
315 1612 611 1699 ἐπιψηφισαμένων
645 1614 683 1679 δὲ
719 1626 787 1681 τῶν
824 1624 1033 1700 στρατιωτῶν
1068 1615 1109 1678 τὰ

90 1720 237 1806 ρηθέντα
277 1719 482 1786 διαπέστειλε
522 1730 672 1806 πανταχῇ
713 1724 792 1799 τοὺς
832 1730 1031 1804 κομιοῦντας
1071 1722 1109 1785 τὸ

45 1847 70 1888 ιι
89 1827 208 1911 δόγμα·
238 1830 318 1904 τοὺς
346 1827 408 1909 μὲν
434 1829 499 1912 γάρ
522 1824 686 1912 Ἕλληνας
716 1827 928 1911 ὑπελάμβανε
960 1828 1016 1893 διά
1047 1829 1145 1911 την4

89 1933 209 1999 ἐλπίδα
230 1944 288 2018 τῆς
311 1932 505 2019 ἐλευθερίας
529 1935 729 2019 προθύμους
752 1932 837 2012 έξειν
860 1937 1110 2018 συναγωνιστάς

89 2043 137 2118 είς
167 2043 227 2107 τὸν
258 2041 414 2124 πόλεμον,
451 2043 530 2118 τοὺς
562 2041 594 2105 δ’
620 2039 657 2106 ἐν
692 2051 764 2118 ταῖς
796 2041 865 2106 άνω
898 2042 1110 2126 σατραπείαις

90 2150 294 2232 στρατηγοὺς
317 2148 373 2212 καλ
396 2148 578 2233 σατράπας,
605 2147 762 2223 ὑπόπτως
784 2143 920 2231 ἔχοντας
942 2146 987 2222 ὡς
1007 2147 1109 2211 Ἀντι-

89 2257 194 2339 γόνου
226 2259 409 2320 καταλῦσαι
440 2255 659 2339 διεγνωκότος
689 2257 769 2330 τοὺς
801 2253 865 2319 άπὸ
892 2250 1109 2337 Ἀλεξάνδρου

45 2385 72 2424 ιο
89 2365 251 2444 βασιλεῖς,
279 2361 441 2439 <αὐ>τοῶ
465 2372 618 2446 φανερῶς
640 2362 700 2426 τὸν
721 2360 807 2446 ὑπὲρ
831 2361 942 2425 αὐτῶν
964 2361 1110 2440 πόλεμον

90 2466 337 2552 ἀναδεχομένου
360 2467 486 2543 πάντας
507 2474 764 2550 μεταπεσεῖσθαι
793 2478 865 2544 ταῖς
887 2467 1034 2551 γνώμαις
1055 2466 1110 2531 καλ

89 2584 160 2651 τοῖς
181 2573 505 2660 παραγγελλομένοις
527 2572 665 2656 ἐτοίμως
686 2573 947 2640 ὑπακούσεσθαι.
985 2573 1050 2638 άπὸ
1073 2572 1145 2639 δὲο

89 2681 218 2747 τούτων
254 2683 433 2765 γενόμενος
462 2678 664 2768 Ἀλεξάνδρῳ
701 2682 763 2763 μὲν
795 2681 875 2758 δοὺς
911 2682 1111 2746 πεντακόσια

54 2775 57 2782 ’
89 2787 234 2853 τάλαντα
255 2788 311 2853 καί
334 2788 411 2873 περί
433 2799 501 2853 τῶν
523 2789 712 2870 μελλόντων
737 2789 785 2864 εἰς
806 2787 950 2872 μεγάλας
977 2787 1111 2870 ἀγαγὼν

48 2918 72 2958 ιι
90 2893 227 2971 ἐλπίδας
245 2892 473 2972 ἐξαπέστειλεν
491 2895 538 2971 είς
552 2897 828 2979 Πελοπόννησον·
849 2894 949 2971 αὐτὸς
967 2893 1112 2976 δὲπαρά

86 2999 222 3067 Ῥοδίων
244 3000 538 3084 μεταπεμψάμενος
560 3011 643 3078 ναῦς
665 3002 721 3067 καλ
743 3012 811 3067 τῶν
829 3007 1111 3084 ναυπηγηθεισῶν

90 3110 149 3186 τάς
166 3110 321 3186 πλείστας
339 3109 537 3193 καταρτίσας
552 3106 732 3173 ἐπέπλευσε
748 3117 788 3194 τῇ
808 3108 912 3195 Τύρῳ.
944 3111 1112 3172 θαλασσο-

164 3266 247 3338 7μὴ]
272 3266 337 3335 μήτε
356 3264 413 3318 RX.
487 3263 658 3334 8Ῥοξάνην
676 3266 706 3319 F.
779 3265 814 3320 10
837 3261 1034 3335 καθισταμένῳ
1053 3263 1110 3316 RX.

91 3337 127 3392 14
145 3345 288 3407 πανταχοῖ
303 3336 392 3391 Her'ol.
411 3336 438 3390 Π
456 3343 471 3391 2
495 3355 522 3406 p.
539 3341 580 3390 15.
653 3337 689 3391 16
707 3334 880 3407 ἐλευθερίας]
903 3333 1064 3402 ἐλευθερίας
1082 3335 1117 3397 Ε,

93 3408 172 3462 cuius
196 3409 227 3463 in
253 3423 341 3478 marg.
368 3407 458 3462 εδεοτ.
485 3415 509 3463 2.
529 3426 565 3462 m.
592 3405 743 3477 σωτηρίας,
768 3404 958 3475 comm&
979 3407 1028 3469 {m
1048 3404 1147 3474 σῶμα,

93 3495 181 3549 111218·
201 3485 226 3534 λ·
240 3497 276 3534 m.
297 3481 376 3548 corr.)
394 3478 427 3533 X.
480 3479 554 3552 ἔχειν
576 3477 641 3537 RK.
713 3479 753 3536 κο
774 3478 920 3552 (ωηατ,
937 3463 1165 3528 ωερε-ΛΜ

92 3559 147 3604 τον.
213 3550 252 3605 22
269 3551 471 3610 δπακοόεσθαι
490 3555 522 3614 F.
595 3553 638 3613 24
658 3553 740 3630 ἄγων
755 3552 797 3608 λδ.
865 3547 907 3601 θῶ
928 3519 1187 3598 mmmm&-

130 3656 252 3698 Dx'odoruu.
271 3660 295 3700 V.
1004 3645 1026 3691 *ρ
