2460 3848
437 189 698 245 ARGUMENTUM

485 495 565 561 rur.
589 443 659 561 rx.

80 641 103 688 1.
131 633 328 688 Praemittitur
345 634 482 704 prooemii
500 633 561 688 loco
580 632 672 688 brevis
686 633 841 704 disputatio
856 635 891 691 de
906 633 1080 690 orationibus

167 713 303 769 historiae
326 714 490 770 inserendis.
533 714 589 768 Eas
614 713 748 783 reprobat
766 713 918 782 Diodorus,
945 715 969 770 si
995 715 1079 770 nimis

167 794 213 850 vel
231 795 376 863 quaesitae
394 794 439 849 vel
456 794 558 865 longae
577 792 725 849 crebraevs
743 795 809 848 sint.

80 882 104 930 2.
132 876 208 930 Raro
227 876 256 930 et
274 877 432 944 opportuno
451 874 512 930 loco
532 873 674 929 adhibitas
689 875 830 928 orationes
843 874 983 930 Diodorus
996 893 1081 946 peru-

167 954 233 1010 tiles
252 956 354 1011 censet.
387 956 518 1010 Adicitur
535 954 603 1008 libri
621 957 818 1024 argumentum
841 956 871 1011 et
889 955 1078 1027 chronologia.

401 1133 443 1189 01.
459 1140 519 1201 11⁷,
531 1139 623 1188 asro
638 1151 663 1188 a.
678 1132 740 1188 chr.

80 1238 104 1286 3.
133 1231 305 1302 Agathocles
331 1231 438 1300 proelio
458 1232 495 1286 ad
514 1231 658 1286 Himeram
681 1230 761 1284 fusus
780 1230 886 1285 bellum
904 1231 934 1285 in
951 1231 1079 1286 Africam

168 1312 321 1367 transferre
340 1313 465 1367 conatur.
503 1311 619 1366 Consilii
638 1313 667 1365 et
685 1311 817 1380 capiendi
835 1312 865 1365 et
883 1308 1080 1366 dissimulandi

162 1409 268 1450 causas
288 1392 411 1462 explicat
429 1391 588 1447 historicus.

80 1481 104 1530 4.
132 1471 304 1544 Agathocles
323 1471 477 1540 Syracusas
496 1471 642 1525 Antandro
665 1471 748 1525 fratri
770 1472 891 1526 tuendas
913 1473 1016 1540 tradit3
1043 1474 1079 1527 ad

168 1552 376 1623 expeditionem
394 1552 532 1607 incertam
550 1551 654 1606 milites
673 1551 803 1618 instruit;
823 1551 969 1606 conatibus
987 1568 1081 1607 rerum

168 1649 302 1689 novarum
326 1647 399 1701 quae
425 1634 584 1702 opportuna
602 1631 771 1685 videbantur
789 1630 918 1701 opponit3
944 1633 1080 1701 pecunias

167 1714 196 1767 vi
215 1714 244 1767 et
263 1711 363 1766 fraude
382 1712 466 1782 cogit.

80 1801 104 1849 5.
134 1793 238 1849 Classis
257 1792 423 1862 Agathoclis
441 1792 569 1861 profecta
587 1792 661 1847 inter
679 1791 802 1846 maxima
824 1793 951 1861 pericula
973 1793 1079 1863 ubique

169 1873 282 1928 obvium
309 1870 397 1926 habet
423 1873 541 1928 hostem.
563 1871 658 1927 'Solis
688 1873 801 1941 eclipsis
830 1875 964 1927 terrorem
994 1874 1080 1929 etiam

168 1952 257 2008 inicit.

80 2041 104 2089 6.
134 2033 237 2088 Classis
247 2032 413 2102 Agathoclis
428 2033 552 2088 eluctata
561 2032 686 2087 hostium
695 2033 910 2087 insectationem
919 2033 957 2086 ad
966 2032 1079 2088 Africae

168 2113 236 2168 litus
255 2114 383 2182 pervenit
401 2114 553 2182 copiasque
572 2113 609 2166 ad
628 2112 799 2181 lapicidinas
818 2112 940 2182 exponit.

81 2202 104 2250 ⁷.
132 2195 220 2249 Facto
239 2193 332 2249 Cereri
350 2195 379 2247 et
392 2193 575 2261 Proserpinae
595 2209 674 2247 sacro
688 2193 859 2263 Agathocles
878 2209 962 2248 naves
982 2209 1080 2249 accen-

169 2274 225 2341 dit,
244 2290 279 2328 ne
298 2271 439 2342 refugium
458 2272 563 2328 milites
581 2273 727 2328 haberent.

80 2361 106 2410 8.
133 2352 305 2424 Agathocles
324 2352 430 2407 milites
453 2356 645 2408 consternatos
663 2370 715 2422 per
738 2353 867 2423 regiones
895 2369 1027 2409 amoenas
1051 2356 1080 2409 et

169 2433 277 2489 fertiles
296 2433 401 2487 ducens
415 2433 605 2502 Megalopolis
620 2435 650 2488 et
662 2431 767 2486 Album
781 2433 918 2488 Tunetem
936 2437 1080 2505 expugnat

169 2516 199 2568 et
217 2513 325 2568 evertit.

81 2600 104 2649 9.
135 2593 337 2663 Carthaginem
357 2591 480 2646 maxima
499 2593 576 2662 capit
593 2593 754 2662 trepidatio.

64 2680 105 2728 10.
134 2674 301 2728 Hannonem
311 2675 340 2727 et
350 2671 551 2727 Bcrmilcarem
560 2675 704 2742 praetores
719 2676 815 2729 creant
825 2673 1080 2744 Carthaginienses.

141 2826 144 2832 Ι
170 2753 273 2822 Copiae
293 2751 386 2807 subito
411 2755 527 2808 coactae
546 2755 575 2808 et
594 2753 631 2807 ad
652 2769 778 2824 pugnam
802 2754 957 2824 dispositae
976 2755 1080 2811 descri-

169 2832 282 2888 buntur.

64 2922 105 2969 11.
135 2913 286 2983 Copiarum
300 2913 465 2984 Agathoclis
480 2930 611 2968 numerus
626 2916 655 2968 st
669 2913 825 2983 dispositio.
858 2914 988 2982 Noctuis‚
1008 2932 1080 2983 quas

169 2995 200 3048 in
219 2994 318 3048 castris
338 2994 460 3061 aluerat,
484 2993 593 3048 emissis
612 2995 669 3048 suia
688 2993 783 3048 fausta
802 2995 930 3063 auspicia
948 2998 1082 3064 procurat

169 3072 348 3144 Agathocles.

65 3161 105 3209 12.
133 3155 274 3209 Proelium
294 3152 330 3208 ab
344 3154 501 3224 Agathocle
520 3157 617 3209 contra
632 3153 877 3224 Carthaginienses
892 3155 1079 3210 commissum

170 3235 254 3289 Cadit
276 3233 386 3288 Hanno.
427 3234 582 3288 Bormilcar
608 3233 683 3288 male
711 3234 830 3288 callidus
858 3238 887 3289 et
913 3236 944 3289 in
971 3251 1080 3290 summo

169 3332 262 3369 rerum
287 3314 448 3371 discrimine
473 3313 585 3383 impius.
636 3314 881 3384 Carthaginienses
911 3315 1008 3385 fugam
1035 3331 1082 3368 ca-

170 3396 295 3464 pessunt.
333 3393 431 3448 Castra
450 3395 630 3464 diripiuntur.
819 3399 821 3404 “

48 3479 93 3523 13.
122 3473 157 3524 In
179 3476 282 3528 castris
299 3475 460 3531 Poenorum
479 3475 655 3530 manicarum
672 3491 777 3545 magna
794 3474 835 3528 uis
854 3474 976 3530 inventa.
1013 3475 1080 3529 For·

149 3555 241 3609 turrae
258 3555 451 3614 insolentiam
472 3558 635 3614 demiratur
651 3555 818 3611 historicus.
