<?xml version="1.0" encoding="UTF-8"?>
<!DOCTYPE html PUBLIC "-//W3C//DTD XHTML 1.0 Transitional//EN"
    "http://www.w3.org/TR/xhtml1/DTD/xhtml1-transitional.dtd">
<html xmlns="http://www.w3.org/1999/xhtml" xml:lang="en" lang="en">
 <head>
  <title>
</title>
<meta http-equiv="Content-Type" content="text/html;charset=utf-8" />
  <meta name='ocr-system' content='tesseract 3.04.00' />
  <meta name='ocr-capabilities' content='ocr_page ocr_carea ocr_par ocr_line ocrx_word'/>
</head>
<body>
  <div class='ocr_page' id='page_1' title='image "./diodoribiblioth00vogegoog/diodoribiblioth00vogegoog_0165.png"; bbox 0 0 2460 3848; ppageno 0'>
   <div class='ocr_carea' id='block_1_1' title="bbox 117 187 775 258">
    <p class='ocr_par' dir='ltr' id='par_1_1' title="bbox 117 187 775 258">
     <span class='ocr_line' id='line_1_1' title="bbox 117 187 775 258; baseline -0.003 -14"><span class='ocrx_word' id='word_1_1' title='bbox 117 192 182 258; x_wconf 83' lang='lat'><strong><em>140</em></strong></span> <span class='ocrx_word' id='word_1_2' title='bbox 477 187 591 243; x_wconf 86' lang='lat' dir='ltr'>Diodor.</span> <span class='ocrx_word' id='word_1_3' title='bbox 601 187 665 241; x_wconf 83' lang='lat' dir='ltr'><strong><em>XIX</em></strong></span> <span class='ocrx_word' id='word_1_4' title='bbox 680 193 722 244; x_wconf 84' lang='grc'><strong><em>89.</em></strong></span> <span class='ocrx_word' id='word_1_5' title='bbox 733 193 775 242; x_wconf 83' lang='grc'><strong><em>90.</em></strong></span> 
     </span>
    </p>
   </div>
   <div class='ocr_carea' id='block_1_2' title="bbox 57 329 1183 2451">
    <p class='ocr_par' dir='ltr' id='par_1_2' title="bbox 116 329 1138 527">
     <span class='ocr_line' id='line_1_2' title="bbox 116 329 1138 420; baseline 0 -20"><span class='ocrx_word' id='word_1_6' title='bbox 116 335 229 418; x_wconf 82' lang='grc' dir='ltr'><strong><em>λαβὼν</em></strong></span> <span class='ocrx_word' id='word_1_7' title='bbox 251 332 423 415; x_wconf 75' lang='grc' dir='ltr'><strong><em>ἀνέζευξεν</em></strong></span> <span class='ocrx_word' id='word_1_8' title='bbox 446 336 493 412; x_wconf 84' lang='grc' dir='ltr'><strong><em>είς</em></strong></span> <span class='ocrx_word' id='word_1_9' title='bbox 515 334 575 399; x_wconf 90' lang='grc' dir='ltr'><strong><em>τὸν</em></strong></span> <span class='ocrx_word' id='word_1_10' title='bbox 598 329 745 420; x_wconf 97' lang='grc' dir='ltr'><strong><em>Ἀδρίαν,</em></strong></span> <span class='ocrx_word' id='word_1_11' title='bbox 768 337 999 419; x_wconf 77' lang='grc' dir='ltr'><strong><em>πολιορκήσων</em></strong></span> <span class='ocrx_word' id='word_1_12' title='bbox 1022 333 1138 402; x_wconf 87' lang='grc' dir='ltr'><strong><em>Ἀπολ-</em></strong></span> 
     </span>
     <span class='ocr_line' id='line_1_3' title="bbox 116 439 1137 527; baseline -0.001 -19"><span class='ocrx_word' id='word_1_13' title='bbox 116 441 291 526; x_wconf 90' lang='grc' dir='ltr'><strong><em>λωνιάτας,</em></strong></span> <span class='ocrx_word' id='word_1_14' title='bbox 328 443 379 508; x_wconf 83' lang='grc' dir='ltr'><strong><em>ὅτι</em></strong></span> <span class='ocrx_word' id='word_1_15' title='bbox 404 444 476 527; x_wconf 86' lang='grc' dir='ltr'><strong><em>τήν</em></strong></span> <span class='ocrx_word' id='word_1_16' title='bbox 512 442 667 526; x_wconf 80' lang='grc' dir='ltr'><strong><em>φρουράν</em></strong></span> <span class='ocrx_word' id='word_1_17' title='bbox 703 439 899 524; x_wconf 80' lang='grc' dir='ltr'><strong><em>ἐκβαλόντες</em></strong></span> <span class='ocrx_word' id='word_1_18' title='bbox 934 443 996 526; x_wconf 88' lang='grc' dir='ltr'><strong><em>τήν</em></strong></span> <span class='ocrx_word' id='word_1_19' title='bbox 1032 441 1137 514; x_wconf 81' lang='grc' dir='ltr'><strong><em>αὐτοῦ</em></strong></span> 
     </span>
    </p>

    <p class='ocr_par' dir='ltr' id='par_1_3' title="bbox 79 545 1183 1384">
     <span class='ocr_line' id='line_1_4' title="bbox 79 545 1138 636; baseline -0.001 -21"><span class='ocrx_word' id='word_1_20' title='bbox 79 567 95 615; x_wconf 79' lang='lat'>2</span> <span class='ocrx_word' id='word_1_21' title='bbox 114 548 321 635; x_wconf 75' lang='grc' dir='ltr'><strong><em>προσέθεντο</em></strong></span> <span class='ocrx_word' id='word_1_22' title='bbox 340 558 410 625; x_wconf 73' lang='grc' dir='ltr'><strong><em>τοῖς</em></strong></span> <span class='ocrx_word' id='word_1_23' title='bbox 429 547 612 636; x_wconf 80' lang='grc' dir='ltr'><strong><em>Ἰλλυριοῖς.</em></strong></span> <span class='ocrx_word' id='word_1_24' title='bbox 649 547 689 612; x_wconf 88' lang='grc' dir='ltr'><strong><em>οὐ</em></strong></span> <span class='ocrx_word' id='word_1_25' title='bbox 713 550 779 633; x_wconf 86' lang='grc' dir='ltr'><strong><em>μήν</em></strong></span> <span class='ocrx_word' id='word_1_26' title='bbox 802 547 838 612; x_wconf 83' lang='grc' dir='ltr'><strong><em>ολ</em></strong></span> <span class='ocrx_word' id='word_1_27' title='bbox 857 570 895 632; x_wconf 84' lang='grc' dir='ltr'><strong><em>γε</em></strong></span> <span class='ocrx_word' id='word_1_28' title='bbox 918 545 956 613; x_wconf 94' lang='grc' dir='ltr'><strong><em>ἐν</em></strong></span> <span class='ocrx_word' id='word_1_29' title='bbox 978 556 1018 635; x_wconf 84' lang='grc' dir='ltr'><strong><em>τή</em></strong></span> <span class='ocrx_word' id='word_1_30' title='bbox 1041 550 1138 614; x_wconf 83' lang='grc' dir='ltr'><strong><em>πόλει</em></strong></span> 
     </span>
     <span class='ocr_line' id='line_1_5' title="bbox 114 652 1139 742; baseline 0 -21"><span class='ocrx_word' id='word_1_31' title='bbox 114 656 376 740; x_wconf 88' lang='grc' dir='ltr'><strong><em>κατεπλάγησαν,</em></strong></span> <span class='ocrx_word' id='word_1_32' title='bbox 409 652 493 720; x_wconf 87' lang='grc' dir='ltr'><strong><em>άλλδι</em></strong></span> <span class='ocrx_word' id='word_1_33' title='bbox 524 657 688 739; x_wconf 80' lang='grc' dir='ltr'><strong><em>βοήθειαν</em></strong></span> <span class='ocrx_word' id='word_1_34' title='bbox 724 654 1012 738; x_wconf 77' lang='grc' dir='ltr'><strong><em>μεταπεμψάμενοι</em></strong></span> <span class='ocrx_word' id='word_1_35' title='bbox 1047 657 1139 742; x_wconf 83' lang='grc' dir='ltr'><strong><em>παρά</em></strong></span> 
     </span>
     <span class='ocr_line' id='line_1_6' title="bbox 113 759 1183 848; baseline -0.004 -20"><span class='ocrx_word' id='word_1_36' title='bbox 113 772 181 828; x_wconf 81' lang='grc' dir='ltr'><strong><em>τῶν</em></strong></span> <span class='ocrx_word' id='word_1_37' title='bbox 214 763 324 827; x_wconf 84' lang='grc' dir='ltr'><strong><em>άλλων</em></strong></span> <span class='ocrx_word' id='word_1_38' title='bbox 354 761 535 847; x_wconf 88' lang='grc' dir='ltr'><strong><em>συμμάχων</em></strong></span> <span class='ocrx_word' id='word_1_39' title='bbox 563 762 629 847; x_wconf 88' lang='grc' dir='ltr'><strong><em>πρὸ</em></strong></span> <span class='ocrx_word' id='word_1_40' title='bbox 658 770 727 827; x_wconf 80' lang='grc' dir='ltr'><strong><em>τῶν</em></strong></span> <span class='ocrx_word' id='word_1_41' title='bbox 756 770 874 846; x_wconf 79' lang='grc' dir='ltr'><strong><em>τειχῶν</em></strong></span> <span class='ocrx_word' id='word_1_42' title='bbox 903 759 1136 848; x_wconf 83' lang='grc' dir='ltr'><strong><em>παρετάξαντο.</em></strong></span> <span class='ocrx_word' id='word_1_43' title='bbox 1170 783 1183 824; x_wconf 83' lang='grc' dir='ltr'><strong><em>ι</em></strong></span> 
     </span>
     <span class='ocr_line' id='line_1_7' title="bbox 114 866 1138 954; baseline 0 -20"><span class='ocrx_word' id='word_1_44' title='bbox 114 867 294 953; x_wconf 79' lang='grc' dir='ltr'><strong><em>γενομένης</em></strong></span> <span class='ocrx_word' id='word_1_45' title='bbox 317 868 355 935; x_wconf 73' lang='grc' dir='ltr'><strong><em>δέ</em></strong></span> <span class='ocrx_word' id='word_1_46' title='bbox 376 876 537 953; x_wconf 81' lang='grc' dir='ltr'><strong><em>καρτεράς</em></strong></span> <span class='ocrx_word' id='word_1_47' title='bbox 558 867 663 953; x_wconf 90' lang='grc' dir='ltr'><strong><em>μάχης</em></strong></span> <span class='ocrx_word' id='word_1_48' title='bbox 682 866 737 933; x_wconf 86' lang='grc' dir='ltr'><strong><em>ἐπί</em></strong></span> <span class='ocrx_word' id='word_1_49' title='bbox 755 870 864 933; x_wconf 86' lang='grc' dir='ltr'><strong><em>πολὺν</em></strong></span> <span class='ocrx_word' id='word_1_50' title='bbox 882 869 1006 954; x_wconf 88' lang='grc' dir='ltr'><strong><em>χρόνον</em></strong></span> <span class='ocrx_word' id='word_1_51' title='bbox 1025 868 1138 953; x_wconf 77' lang='grc' dir='ltr'><strong><em>οἱμὲν</em></strong></span> 
     </span>
     <span class='ocr_line' id='line_1_8' title="bbox 110 971 1140 1061; baseline -0.001 -20"><span class='ocrx_word' id='word_1_52' title='bbox 110 975 368 1041; x_wconf 77' lang='grc' dir='ltr'><strong><em>Ἀπολλωνιᾶται</em></strong></span> <span class='ocrx_word' id='word_1_53' title='bbox 397 985 467 1052; x_wconf 84' lang='grc' dir='ltr'><strong><em>τοῖς</em></strong></span> <span class='ocrx_word' id='word_1_54' title='bbox 496 977 662 1059; x_wconf 73' lang='grc' dir='ltr'><strong><em>πλήθεσιν</em></strong></span> <span class='ocrx_word' id='word_1_55' title='bbox 691 974 908 1061; x_wconf 82' lang='grc' dir='ltr'><strong><em>ὑπερέχοντες</em></strong></span> <span class='ocrx_word' id='word_1_56' title='bbox 936 978 1016 1053; x_wconf 87' lang='grc' dir='ltr'><strong><em>τοὺς</em></strong></span> <span class='ocrx_word' id='word_1_57' title='bbox 1046 971 1140 1040; x_wconf 72' lang='grc' dir='ltr'><strong><em>άντι-1</em></strong></span> 
     </span>
     <span class='ocr_line' id='line_1_9' title="bbox 113 1081 1137 1167; baseline 0 -20"><span class='ocrx_word' id='word_1_58' title='bbox 113 1081 333 1166; x_wconf 78' lang='grc' dir='ltr'><strong><em>τεταγμένους</em></strong></span> <span class='ocrx_word' id='word_1_59' title='bbox 355 1091 478 1167; x_wconf 82' lang='grc' dir='ltr'><strong><em>φυγελν</em></strong></span> <span class='ocrx_word' id='word_1_60' title='bbox 501 1081 704 1166; x_wconf 78' lang='grc' dir='ltr'><strong><em>ἠνάγκασαν,</em></strong></span> <span class='ocrx_word' id='word_1_61' title='bbox 727 1081 746 1147; x_wconf 88' lang='grc' dir='ltr'><strong><em>δ</em></strong></span> <span class='ocrx_word' id='word_1_62' title='bbox 770 1082 808 1147; x_wconf 79' lang='grc' dir='ltr'><strong><em>δέ</em></strong></span> <span class='ocrx_word' id='word_1_63' title='bbox 830 1081 1029 1166; x_wconf 89' lang='grc' dir='ltr'><strong><em>Κάσανδρος</em></strong></span> <span class='ocrx_word' id='word_1_64' title='bbox 1056 1087 1137 1147; x_wconf 90' lang='grc' dir='ltr'><strong><em>πολ-</em></strong></span> 
     </span>
     <span class='ocr_line' id='line_1_10' title="bbox 114 1186 1137 1276; baseline 0 -21"><span class='ocrx_word' id='word_1_65' title='bbox 114 1192 194 1266; x_wconf 89' lang='grc' dir='ltr'><strong><em>λοὺς</em></strong></span> <span class='ocrx_word' id='word_1_66' title='bbox 217 1190 417 1276; x_wconf 80' lang='grc' dir='ltr'><strong><em>στρατιώτας</em></strong></span> <span class='ocrx_word' id='word_1_67' title='bbox 440 1187 619 1271; x_wconf 85' lang='grc' dir='ltr'><strong><em>άποβαλδον</em></strong></span> <span class='ocrx_word' id='word_1_68' title='bbox 640 1188 695 1254; x_wconf 84' lang='grc' dir='ltr'><strong><em>καί</em></strong></span> <span class='ocrx_word' id='word_1_69' title='bbox 719 1188 864 1271; x_wconf 83' lang='grc' dir='ltr'><strong><em>δύναμιν</em></strong></span> <span class='ocrx_word' id='word_1_70' title='bbox 885 1188 948 1272; x_wconf 71' lang='grc' dir='ltr'><strong><em>μέν</em></strong></span> <span class='ocrx_word' id='word_1_71' title='bbox 971 1189 1032 1255; x_wconf 85' lang='grc' dir='ltr'><strong><em>οὐκ</em></strong></span> <span class='ocrx_word' id='word_1_72' title='bbox 1051 1186 1137 1275; x_wconf 84' lang='grc' dir='ltr'><strong><em>έχων</em></strong></span> 
     </span>
     <span class='ocr_line' id='line_1_11' title="bbox 113 1293 1183 1384; baseline -0.002 -23"><span class='ocrx_word' id='word_1_73' title='bbox 113 1295 190 1381; x_wconf 75' lang='grc' dir='ltr'><strong><em>περὶ</em></strong></span> <span class='ocrx_word' id='word_1_74' title='bbox 213 1295 315 1362; x_wconf 86' lang='grc' dir='ltr'><strong><em>αὑτὸν</em></strong></span> <span class='ocrx_word' id='word_1_75' title='bbox 339 1293 511 1381; x_wconf 82' lang='grc' dir='ltr'><strong><em>ἀξιόχρεω,</em></strong></span> <span class='ocrx_word' id='word_1_76' title='bbox 533 1297 595 1380; x_wconf 88' lang='grc' dir='ltr'><strong><em>τήν</em></strong></span> <span class='ocrx_word' id='word_1_77' title='bbox 618 1294 656 1361; x_wconf 76' lang='grc' dir='ltr'><strong><em>δέ</em></strong></span> <span class='ocrx_word' id='word_1_78' title='bbox 678 1298 868 1383; x_wconf 80' lang='grc' dir='ltr'><strong><em>χειμερινήν</em></strong></span> <span class='ocrx_word' id='word_1_79' title='bbox 886 1296 977 1381; x_wconf 81' lang='grc' dir='ltr'><strong><em>ὥραν</em></strong></span> <span class='ocrx_word' id='word_1_80' title='bbox 995 1302 1137 1384; x_wconf 73' lang='grc' dir='ltr'><strong><em>θεωρῶν</em></strong></span> <span class='ocrx_word' id='word_1_81' title='bbox 1156 1319 1183 1360; x_wconf 77' lang='grc' dir='ltr'><strong><em>ιο</em></strong></span> 
     </span>
    </p>

    <p class='ocr_par' dir='ltr' id='par_1_4' title="bbox 77 1401 1182 2130">
     <span class='ocr_line' id='line_1_12' title="bbox 77 1401 1137 1490; baseline 0 -22"><span class='ocrx_word' id='word_1_82' title='bbox 77 1401 304 1487; x_wconf 75' lang='grc' dir='ltr'><strong><em>ιέπανήλθεν</em></strong></span> <span class='ocrx_word' id='word_1_83' title='bbox 336 1403 384 1480; x_wconf 87' lang='grc' dir='ltr'><strong><em>είς</em></strong></span> <span class='ocrx_word' id='word_1_84' title='bbox 411 1403 637 1470; x_wconf 88' lang='grc' dir='ltr'><strong><em>Μακεδονίαν.</em></strong></span> <span class='ocrx_word' id='word_1_85' title='bbox 690 1402 812 1468; x_wconf 84' lang='grc' dir='ltr'><strong><em>τούτου</em></strong></span> <span class='ocrx_word' id='word_1_86' title='bbox 844 1402 882 1468; x_wconf 74' lang='grc' dir='ltr'><strong><em>δὲ</em></strong></span> <span class='ocrx_word' id='word_1_87' title='bbox 911 1402 1137 1490; x_wconf 75' lang='grc' dir='ltr'><strong><em>χωρισθέντος</em></strong></span> 
     </span>
     <span class='ocr_line' id='line_1_13' title="bbox 112 1510 1137 1596; baseline 0 -21"><span class='ocrx_word' id='word_1_88' title='bbox 112 1510 293 1576; x_wconf 76' lang='grc' dir='ltr'><strong><em>Λευκάδιοι</em></strong></span> <span class='ocrx_word' id='word_1_89' title='bbox 320 1511 587 1595; x_wconf 80' lang='grc' dir='ltr'><strong><em>προσλαβόμενοι</em></strong></span> <span class='ocrx_word' id='word_1_90' title='bbox 612 1511 776 1594; x_wconf 74' lang='grc' dir='ltr'><strong><em>βοήθειαν</em></strong></span> <span class='ocrx_word' id='word_1_91' title='bbox 801 1510 890 1596; x_wconf 82' lang='grc' dir='ltr'><strong><em>παρὰ</em></strong></span> <span class='ocrx_word' id='word_1_92' title='bbox 913 1512 1137 1595; x_wconf 80' lang='grc' dir='ltr'><strong><em>Κορκυραίων</em></strong></span> 
     </span>
     <span class='ocr_line' id='line_1_14' title="bbox 112 1613 1137 1702; baseline 0 -20"><span class='ocrx_word' id='word_1_93' title='bbox 112 1614 269 1699; x_wconf 82' lang='grc' dir='ltr'><strong><em>ἐξέβαλον</em></strong></span> <span class='ocrx_word' id='word_1_94' title='bbox 298 1618 359 1701; x_wconf 88' lang='grc' dir='ltr'><strong><em>τήν</em></strong></span> <span class='ocrx_word' id='word_1_95' title='bbox 388 1618 543 1701; x_wconf 81' lang='grc' dir='ltr'><strong><em>φρουράν</em></strong></span> <span class='ocrx_word' id='word_1_96' title='bbox 570 1624 630 1682; x_wconf 87' lang='grc' dir='ltr'><strong><em>τοῦ</em></strong></span> <span class='ocrx_word' id='word_1_97' title='bbox 653 1615 866 1702; x_wconf 87' lang='grc' dir='ltr'><strong><em>Κασάνδρου.</em></strong></span> <span class='ocrx_word' id='word_1_98' title='bbox 913 1616 946 1682; x_wconf 83' lang='grc' dir='ltr'><strong><em>οἱ</em></strong></span> <span class='ocrx_word' id='word_1_99' title='bbox 968 1613 999 1681; x_wconf 91' lang='grc' dir='ltr'><strong><em>δ’</em></strong></span> <span class='ocrx_word' id='word_1_100' title='bbox 1023 1613 1137 1682; x_wconf 84' lang='grc' dir='ltr'><strong><em>Ἠπει-</em></strong></span> 
     </span>
     <span class='ocr_line' id='line_1_15' title="bbox 113 1719 1136 1808; baseline 0.002 -21"><span class='ocrx_word' id='word_1_101' title='bbox 113 1734 215 1807; x_wconf 83' lang='grc' dir='ltr'><strong><em>ρῶται</em></strong></span> <span class='ocrx_word' id='word_1_102' title='bbox 232 1725 357 1808; x_wconf 89' lang='grc' dir='ltr'><strong><em>χρόνον</em></strong></span> <span class='ocrx_word' id='word_1_103' title='bbox 374 1722 436 1806; x_wconf 87' lang='grc' dir='ltr'><strong><em>μέν</em></strong></span> <span class='ocrx_word' id='word_1_104' title='bbox 454 1745 530 1788; x_wconf 91' lang='grc' dir='ltr'><strong><em>τινα</em></strong></span> <span class='ocrx_word' id='word_1_105' title='bbox 544 1722 698 1806; x_wconf 89' lang='grc' dir='ltr'><strong><em>διέμενον</em></strong></span> <span class='ocrx_word' id='word_1_106' title='bbox 716 1719 774 1787; x_wconf 84' lang='grc' dir='ltr'><strong><em>ὑπ’</em></strong></span> <span class='ocrx_word' id='word_1_107' title='bbox 793 1720 946 1789; x_wconf 81' lang='grc' dir='ltr'><strong><em>Ἀλκέτου</em></strong></span> <span class='ocrx_word' id='word_1_108' title='bbox 961 1725 1136 1806; x_wconf 85' lang='grc' dir='ltr'><strong><em>βασιλευό-</em></strong></span> 
     </span>
     <span class='ocr_line' id='line_1_16' title="bbox 111 1826 1182 1915; baseline -0.001 -21"><span class='ocrx_word' id='word_1_109' title='bbox 111 1853 221 1913; x_wconf 84' lang='grc' dir='ltr'><strong><em>μενοι,</em></strong></span> <span class='ocrx_word' id='word_1_110' title='bbox 248 1828 420 1915; x_wconf 81' lang='grc' dir='ltr'><strong><em>χρωμένου</em></strong></span> <span class='ocrx_word' id='word_1_111' title='bbox 444 1826 475 1901; x_wconf 88' lang='grc' dir='ltr'><strong><em>δ’</em></strong></span> <span class='ocrx_word' id='word_1_112' title='bbox 498 1829 602 1895; x_wconf 84' lang='grc' dir='ltr'><strong><em>αὐτοῦ</em></strong></span> <span class='ocrx_word' id='word_1_113' title='bbox 625 1830 855 1915; x_wconf 77' lang='grc' dir='ltr'><strong><em>χαλεπώτερον</em></strong></span> <span class='ocrx_word' id='word_1_114' title='bbox 877 1839 947 1908; x_wconf 82' lang='grc' dir='ltr'><strong><em>τοῖς</em></strong></span> <span class='ocrx_word' id='word_1_115' title='bbox 969 1834 1137 1915; x_wconf 75' lang='grc' dir='ltr'><strong><em>πλήθεσιν</em></strong></span> <span class='ocrx_word' id='word_1_116' title='bbox 1155 1851 1182 1893; x_wconf 78' lang='grc' dir='ltr'><strong><em>ιι</em></strong></span> 
     </span>
     <span class='ocr_line' id='line_1_17' title="bbox 112 1935 1137 2022; baseline 0.001 -21"><span class='ocrx_word' id='word_1_117' title='bbox 112 1936 216 2002; x_wconf 82' lang='grc' dir='ltr'><strong><em>αὐτόν</em></strong></span> <span class='ocrx_word' id='word_1_118' title='bbox 238 1959 273 2003; x_wconf 83' lang='grc' dir='ltr'><strong><em>τε</em></strong></span> <span class='ocrx_word' id='word_1_119' title='bbox 296 1935 505 2022; x_wconf 81' lang='grc' dir='ltr'><strong><em>κατέσφαξαν</em></strong></span> <span class='ocrx_word' id='word_1_120' title='bbox 528 1936 584 2002; x_wconf 87' lang='grc' dir='ltr'><strong><em>καί</em></strong></span> <span class='ocrx_word' id='word_1_121' title='bbox 607 1936 669 2001; x_wconf 85' lang='grc' dir='ltr'><strong><em>δύο</em></strong></span> <span class='ocrx_word' id='word_1_122' title='bbox 692 1947 759 2001; x_wconf 81' lang='grc' dir='ltr'><strong><em>τῶν</em></strong></span> <span class='ocrx_word' id='word_1_123' title='bbox 782 1937 868 2002; x_wconf 80' lang='grc' dir='ltr'><strong><em>υίῶν</em></strong></span> <span class='ocrx_word' id='word_1_124' title='bbox 890 1936 1011 2015; x_wconf 82' lang='grc' dir='ltr'><strong><em>παῖδας</em></strong></span> <span class='ocrx_word' id='word_1_125' title='bbox 1036 1938 1137 2016; x_wconf 81' lang='grc' dir='ltr'><strong><em>ὄντας</em></strong></span> 
     </span>
     <span class='ocr_line' id='line_1_18' title="bbox 110 2041 724 2130; baseline -0.002 -21"><span class='ocrx_word' id='word_1_126' title='bbox 110 2044 172 2130; x_wconf 87' lang='grc' dir='ltr'><strong><em>τήν</em></strong></span> <span class='ocrx_word' id='word_1_127' title='bbox 194 2045 327 2128; x_wconf 84' lang='grc' dir='ltr'><strong><em>ήλικίαν</em></strong></span> <span class='ocrx_word' id='word_1_128' title='bbox 346 2041 504 2111; x_wconf 87' lang='grc' dir='ltr'><strong><em>Ἠσιονέα</em></strong></span> <span class='ocrx_word' id='word_1_129' title='bbox 526 2043 582 2109; x_wconf 84' lang='grc' dir='ltr'><strong><em>καί</em></strong></span> <span class='ocrx_word' id='word_1_130' title='bbox 604 2045 724 2109; x_wconf 88' lang='grc' dir='ltr'><strong><em>Νίσον.</em></strong></span> 
     </span>
    </p>

    <p class='ocr_par' dir='ltr' id='par_1_5' title="bbox 57 2148 1182 2451">
     <span class='ocr_line' id='line_1_19' title="bbox 57 2148 1136 2237; baseline 0.002 -21"><span class='ocrx_word' id='word_1_131' title='bbox 57 2150 101 2216; x_wconf 91' lang='grc'><strong><em>90</em></strong></span> <span class='ocrx_word' id='word_1_132' title='bbox 139 2215 142 2220; x_wconf 85' lang='grc'><strong>,</strong></span> <span class='ocrx_word' id='word_1_133' title='bbox 182 2153 278 2217; x_wconf 78' lang='grc' dir='ltr'><strong><em>Κανά</em></strong></span> <span class='ocrx_word' id='word_1_134' title='bbox 300 2151 339 2218; x_wconf 74' lang='grc' dir='ltr'><strong><em>δέ</em></strong></span> <span class='ocrx_word' id='word_1_135' title='bbox 360 2154 422 2237; x_wconf 89' lang='grc' dir='ltr'><strong><em>τήν</em></strong></span> <span class='ocrx_word' id='word_1_136' title='bbox 441 2150 554 2216; x_wconf 88' lang='grc' dir='ltr'><strong><em>Ἀσίαν</em></strong></span> <span class='ocrx_word' id='word_1_137' title='bbox 574 2148 742 2226; x_wconf 85' lang='grc' dir='ltr'><strong><em>Σέλευκος</em></strong></span> <span class='ocrx_word' id='word_1_138' title='bbox 763 2151 844 2232; x_wconf 80' lang='grc' dir='ltr'><strong><em>μετὰ</em></strong></span> <span class='ocrx_word' id='word_1_139' title='bbox 866 2152 928 2235; x_wconf 88' lang='grc' dir='ltr'><strong><em>τήν</em></strong></span> <span class='ocrx_word' id='word_1_140' title='bbox 950 2149 1136 2236; x_wconf 85' lang='grc' dir='ltr'><strong><em>γενομένην</em></strong></span> 
     </span>
     <span class='ocr_line' id='line_1_20' title="bbox 109 2254 1136 2353; baseline 0.001 -31"><span class='ocrx_word' id='word_1_141' title='bbox 109 2254 216 2353; x_wconf 56' lang='grc' dir='ltr'><strong><em>ήττανἱ</em></strong></span> <span class='ocrx_word' id='word_1_142' title='bbox 239 2262 419 2347; x_wconf 76' lang='grc' dir='ltr'><strong><em>Δημητρίῳ</em></strong></span> <span class='ocrx_word' id='word_1_143' title='bbox 452 2257 528 2343; x_wconf 86' lang='grc' dir='ltr'><strong><em>περί</em></strong></span> <span class='ocrx_word' id='word_1_144' title='bbox 561 2256 671 2334; x_wconf 83' lang='grc' dir='ltr'><strong><em>Γάζαν</em></strong></span> <span class='ocrx_word' id='word_1_145' title='bbox 701 2267 759 2341; x_wconf 79' lang='grc' dir='ltr'><strong><em>τῆς</em></strong></span> <span class='ocrx_word' id='word_1_146' title='bbox 791 2258 921 2343; x_wconf 82' lang='grc' dir='ltr'><strong><em>Συρίας</em></strong></span> <span class='ocrx_word' id='word_1_147' title='bbox 957 2257 1136 2341; x_wconf 81' lang='grc' dir='ltr'><strong><em>ἀναλαβὼν</em></strong></span> 
     </span>
     <span class='ocr_line' id='line_1_21' title="bbox 109 2363 1182 2451; baseline 0.001 -22"><span class='ocrx_word' id='word_1_148' title='bbox 109 2367 199 2451; x_wconf 83' lang='grc' dir='ltr'><strong><em>παρά</em></strong></span> <span class='ocrx_word' id='word_1_149' title='bbox 227 2368 438 2447; x_wconf 89' lang='grc' dir='ltr'><strong><em>Πτολεμαίου</em></strong></span> <span class='ocrx_word' id='word_1_150' title='bbox 468 2366 586 2442; x_wconf 83' lang='grc' dir='ltr'><strong><em>πεζοὺς</em></strong></span> <span class='ocrx_word' id='word_1_151' title='bbox 614 2363 677 2446; x_wconf 75' lang='grc' dir='ltr'><strong><em>μέν</em></strong></span> <span class='ocrx_word' id='word_1_152' title='bbox 706 2364 747 2428; x_wconf 84' lang='grc' dir='ltr'><strong><em>οὐ</em></strong></span> <span class='ocrx_word' id='word_1_153' title='bbox 778 2365 914 2441; x_wconf 88' lang='grc' dir='ltr'><strong><em>πλείους</em></strong></span> <span class='ocrx_word' id='word_1_154' title='bbox 942 2374 1010 2430; x_wconf 81' lang='grc' dir='ltr'><strong><em>τῶν</em></strong></span> <span class='ocrx_word' id='word_1_155' title='bbox 1040 2364 1136 2430; x_wconf 89' lang='grc' dir='ltr'><strong><em>ὀκτα-</em></strong></span> <span class='ocrx_word' id='word_1_156' title='bbox 1154 2388 1182 2429; x_wconf 74' lang='grc' dir='ltr'><strong><em>το</em></strong></span> 
     </span>
    </p>
   </div>
   <div class='ocr_carea' id='block_1_3' title="bbox 109 2466 1136 2876">
    <p class='ocr_par' dir='ltr' id='par_1_6' title="bbox 109 2466 1136 2876">
     <span class='ocr_line' id='line_1_22' title="bbox 109 2466 1136 2556; baseline 0.001 -20"><span class='ocrx_word' id='word_1_157' title='bbox 109 2473 244 2554; x_wconf 88' lang='grc' dir='ltr'><strong><em>κοσίων,</em></strong></span> <span class='ocrx_word' id='word_1_158' title='bbox 269 2472 377 2548; x_wconf 77' lang='grc' dir='ltr'><strong><em>ἱππεῖς</em></strong></span> <span class='ocrx_word' id='word_1_159' title='bbox 401 2470 533 2556; x_wconf 81' lang='grc' dir='ltr'><strong><em>δὲ’περί</em></strong></span> <span class='ocrx_word' id='word_1_160' title='bbox 552 2470 743 2548; x_wconf 89' lang='grc' dir='ltr'><strong><em>διακοσίους</em></strong></span> <span class='ocrx_word' id='word_1_161' title='bbox 762 2466 934 2550; x_wconf 77' lang='grc' dir='ltr'><strong><em>ἀνέζευξεν</em></strong></span> <span class='ocrx_word' id='word_1_162' title='bbox 952 2469 1007 2537; x_wconf 88' lang='grc' dir='ltr'><strong><em>ἐπί</em></strong></span> <span class='ocrx_word' id='word_1_163' title='bbox 1023 2474 1136 2555; x_wconf 89' lang='grc' dir='ltr'><strong><em>Βαβυ-</em></strong></span> 
     </span>
     <span class='ocr_line' id='line_1_23' title="bbox 110 2576 1132 2662; baseline 0.003 -21"><span class='ocrx_word' id='word_1_164' title='bbox 110 2581 230 2661; x_wconf 81' lang='grc' dir='ltr'><strong><em>λῶνος,</em></strong></span> <span class='ocrx_word' id='word_1_165' title='bbox 249 2576 304 2644; x_wconf 84' lang='grc' dir='ltr'><strong><em>ἐπί</em></strong></span> <span class='ocrx_word' id='word_1_166' title='bbox 321 2587 484 2643; x_wconf 86' lang='grc' dir='ltr'><strong><em>τοσοῦτον</em></strong></span> <span class='ocrx_word' id='word_1_167' title='bbox 501 2576 801 2662; x_wconf 81' lang='grc' dir='ltr'><strong><em>μεμετεωρισμένος</em></strong></span> <span class='ocrx_word' id='word_1_168' title='bbox 818 2587 890 2655; x_wconf 77' lang='grc' dir='ltr'><strong><em>ταῖς</em></strong></span> <span class='ocrx_word' id='word_1_169' title='bbox 908 2576 1040 2644; x_wconf 83' lang='grc' dir='ltr'><strong><em>ἐλπίσιν</em></strong></span> <span class='ocrx_word' id='word_1_170' title='bbox 1054 2578 1132 2644; x_wconf 80' lang='grc' dir='ltr'><strong><em>ὥστ’</em></strong></span> 
     </span>
     <span class='ocr_line' id='line_1_24' title="bbox 110 2679 1136 2770; baseline 0.003 -22"><span class='ocrx_word' id='word_1_171' title='bbox 110 2685 140 2748; x_wconf 85' lang='grc' dir='ltr'><strong><em>ελ</em></strong></span> <span class='ocrx_word' id='word_1_172' title='bbox 168 2683 224 2749; x_wconf 85' lang='grc' dir='ltr'><strong><em>καί</em></strong></span> <span class='ocrx_word' id='word_1_173' title='bbox 253 2685 417 2768; x_wconf 88' lang='grc' dir='ltr'><strong><em>μηδεμίαν</em></strong></span> <span class='ocrx_word' id='word_1_174' title='bbox 447 2679 513 2770; x_wconf 82' lang='grc' dir='ltr'><strong><em>εἶχε</em></strong></span> <span class='ocrx_word' id='word_1_175' title='bbox 541 2684 686 2768; x_wconf 85' lang='grc' dir='ltr'><strong><em>δύναμιν</em></strong></span> <span class='ocrx_word' id='word_1_176' title='bbox 708 2685 745 2749; x_wconf 89' lang='grc' dir='ltr'><strong><em>τὸ</em></strong></span> <span class='ocrx_word' id='word_1_177' title='bbox 769 2684 936 2770; x_wconf 88' lang='grc' dir='ltr'><strong><em>παράπαν,</em></strong></span> <span class='ocrx_word' id='word_1_178' title='bbox 963 2687 1136 2769; x_wconf 76' lang='grc' dir='ltr'><strong><em>μετὰτῶν</em></strong></span> 
     </span>
     <span class='ocr_line' id='line_1_25' title="bbox 111 2790 1136 2876; baseline 0.003 -21"><span class='ocrx_word' id='word_1_179' title='bbox 111 2793 220 2875; x_wconf 87' lang='grc' dir='ltr'><strong><em>φίλων</em></strong></span> <span class='ocrx_word' id='word_1_180' title='bbox 242 2790 299 2856; x_wconf 83' lang='grc' dir='ltr'><strong><em>καί</em></strong></span> <span class='ocrx_word' id='word_1_181' title='bbox 321 2801 389 2857; x_wconf 84' lang='grc' dir='ltr'><strong><em>τῶν</em></strong></span> <span class='ocrx_word' id='word_1_182' title='bbox 413 2792 509 2858; x_wconf 80' lang='grc' dir='ltr'><strong><em>ἰδίων</em></strong></span> <span class='ocrx_word' id='word_1_183' title='bbox 527 2792 658 2868; x_wconf 85' lang='grc' dir='ltr'><strong><em>παίδων</em></strong></span> <span class='ocrx_word' id='word_1_184' title='bbox 680 2793 742 2876; x_wconf 85' lang='grc' dir='ltr'><strong><em>τήν</em></strong></span> <span class='ocrx_word' id='word_1_185' title='bbox 760 2793 807 2870; x_wconf 83' lang='grc' dir='ltr'><strong><em>είς</em></strong></span> <span class='ocrx_word' id='word_1_186' title='bbox 825 2793 904 2869; x_wconf 84' lang='grc' dir='ltr'><strong><em>τοὺς</em></strong></span> <span class='ocrx_word' id='word_1_187' title='bbox 922 2793 991 2858; x_wconf 86' lang='grc' dir='ltr'><strong><em>άνω</em></strong></span> <span class='ocrx_word' id='word_1_188' title='bbox 1010 2794 1136 2870; x_wconf 88' lang='grc' dir='ltr'><strong><em>τόπους</em></strong></span> 
     </span>
    </p>
   </div>
   <div class='ocr_carea' id='block_1_4' title="bbox 61 2929 1134 3637">
    <p class='ocr_par' dir='ltr' id='par_1_7' title="bbox 175 2929 1133 3002">
     <span class='ocr_line' id='line_1_26' title="bbox 175 2929 1133 3002; baseline 0.004 -18"><span class='ocrx_word' id='word_1_189' title='bbox 175 2929 580 2999; x_wconf 60' lang='lat' dir='ltr'><strong><em>zaIwIDind.0f.XIX78,1.</em></strong></span> <span class='ocrx_word' id='word_1_190' title='bbox 613 2930 795 3002; x_wconf 55' lang='lat' dir='ltr'><strong><em>mamea</em></strong></span> <span class='ocrx_word' id='word_1_191' title='bbox 829 2932 1133 2989; x_wconf 75' lang='grc' dir='ltr'><strong><em>λἍπολλωνιάταιΒΧ.</em></strong></span> 
     </span>
    </p>

    <p class='ocr_par' dir='ltr' id='par_1_8' title="bbox 109 2999 1134 3074">
     <span class='ocr_line' id='line_1_27' title="bbox 109 2999 1134 3074; baseline 0.002 -17"><span class='ocrx_word' id='word_1_192' title='bbox 109 3001 145 3057; x_wconf 85' lang='grc'><strong><em>10</em></strong></span> <span class='ocrx_word' id='word_1_193' title='bbox 163 2999 249 3057; x_wconf 84' lang='grc' dir='ltr'><strong><em>αίιτδν</em></strong></span> <span class='ocrx_word' id='word_1_194' title='bbox 268 3001 326 3057; x_wconf 86' lang='lat' dir='ltr'><strong><em>RX.</em></strong></span> <span class='ocrx_word' id='word_1_195' title='bbox 372 3001 524 3074; x_wconf 80' lang='grc' dir='ltr'><strong><em>ἀξιόχρεων</em></strong></span> <span class='ocrx_word' id='word_1_196' title='bbox 542 3004 572 3058; x_wconf 73' lang='lat' dir='ltr'><strong><em>F.</em></strong></span> <span class='ocrx_word' id='word_1_197' title='bbox 636 3003 672 3057; x_wconf 80' lang='lat'><strong><em>12</em></strong></span> <span class='ocrx_word' id='word_1_198' title='bbox 691 3001 874 3072; x_wconf 82' lang='grc' dir='ltr'><strong><em>Κερκυραίων</em></strong></span> <span class='ocrx_word' id='word_1_199' title='bbox 892 3004 922 3058; x_wconf 76' lang='lat' dir='ltr'><strong><em>F.</em></strong></span> <span class='ocrx_word' id='word_1_200' title='bbox 987 3005 1022 3059; x_wconf 76' lang='lat'><strong><em>13</em></strong></span> <span class='ocrx_word' id='word_1_201' title='bbox 1035 3003 1134 3060; x_wconf 87' lang='grc' dir='ltr'><strong><em>Ἠπει-</em></strong></span> 
     </span>
    </p>

    <p class='ocr_par' dir='ltr' id='par_1_9' title="bbox 110 3070 1134 3145">
     <span class='ocr_line' id='line_1_28' title="bbox 110 3070 1134 3145; baseline 0.004 -19"><span class='ocrx_word' id='word_1_202' title='bbox 110 3074 207 3145; x_wconf 82' lang='grc' dir='ltr'><strong><em>ρῶται]</em></strong></span> <span class='ocrx_word' id='word_1_203' title='bbox 226 3070 363 3142; x_wconf 70' lang='grc' dir='ltr'><strong><em>ὑπηρέται</em></strong></span> <span class='ocrx_word' id='word_1_204' title='bbox 376 3075 406 3130; x_wconf 82' lang='lat' dir='ltr'><strong><em>II.</em></strong></span> <span class='ocrx_word' id='word_1_205' title='bbox 466 3075 500 3130; x_wconf 81' lang='grc'><strong><em>17</em></strong></span> <span class='ocrx_word' id='word_1_206' title='bbox 516 3070 666 3130; x_wconf 85' lang='grc' dir='ltr'><strong><em>Ἠσιονέαν</em></strong></span> <span class='ocrx_word' id='word_1_207' title='bbox 679 3075 715 3142; x_wconf 79' lang='lat' dir='ltr'><strong><em>F3</em></strong></span> <span class='ocrx_word' id='word_1_208' title='bbox 735 3075 854 3130; x_wconf 70' lang='lat' dir='ltr'><strong>eandem</strong></span> <span class='ocrx_word' id='word_1_209' title='bbox 872 3076 993 3130; x_wconf 82' lang='lat' dir='ltr'>nominis</span> <span class='ocrx_word' id='word_1_210' title='bbox 1012 3075 1134 3130; x_wconf 70' lang='lat' dir='ltr'><strong>formam</strong></span> 
     </span>
    </p>

    <p class='ocr_par' dir='ltr' id='par_1_10' title="bbox 109 3144 1133 3218">
     <span class='ocr_line' id='line_1_29' title="bbox 109 3144 1133 3218; baseline 0.002 -18"><span class='ocrx_word' id='word_1_211' title='bbox 109 3161 205 3200; x_wconf 80' lang='lat' dir='ltr'><strong>omnes</strong></span> <span class='ocrx_word' id='word_1_212' title='bbox 231 3144 365 3200; x_wconf 78' lang='lat' dir='ltr'>exhibent</span> <span class='ocrx_word' id='word_1_213' title='bbox 390 3146 501 3201; x_wconf 79' lang='lat' dir='ltr'><strong>codices</strong></span> <span class='ocrx_word' id='word_1_214' title='bbox 525 3145 564 3200; x_wconf 93' lang='lat' dir='ltr'><strong><em>IV</em></strong></span> <span class='ocrx_word' id='word_1_215' title='bbox 584 3151 618 3201; x_wconf 80' lang='grc'><strong><em>69</em></strong></span> <span class='ocrx_word' id='word_1_216' title='bbox 644 3146 690 3216; x_wconf 84' lang='lat' dir='ltr'><strong>(cf.</strong></span> <span class='ocrx_word' id='word_1_217' title='bbox 713 3145 803 3201; x_wconf 78' lang='lat' dir='ltr'><strong>Strab.</strong></span> <span class='ocrx_word' id='word_1_218' title='bbox 825 3145 890 3200; x_wconf 84' lang='lat' dir='ltr'>XIII</span> <span class='ocrx_word' id='word_1_219' title='bbox 913 3154 938 3214; x_wconf 77' lang='lat'><strong><em>4,</em></strong></span> <span class='ocrx_word' id='word_1_220' title='bbox 953 3149 994 3218; x_wconf 83' lang='lat'><strong><em>8);</em></strong></span> <span class='ocrx_word' id='word_1_221' title='bbox 1015 3144 1133 3203; x_wconf 84' lang='grc' dir='ltr'><strong><em>Ἠϊονέα</em></strong></span> 
     </span>
    </p>

    <p class='ocr_par' dir='ltr' id='par_1_11' title="bbox 108 3214 1132 3288">
     <span class='ocr_line' id='line_1_30' title="bbox 108 3214 1132 3288; baseline 0.004 -19"><span class='ocrx_word' id='word_1_222' title='bbox 108 3215 214 3284; x_wconf 80' lang='lat' dir='ltr'>ubique</span> <span class='ocrx_word' id='word_1_223' title='bbox 230 3216 314 3271; x_wconf 85' lang='lat' dir='ltr'><strong>Dind.</strong></span> <span class='ocrx_word' id='word_1_224' title='bbox 352 3214 444 3272; x_wconf 82' lang='grc' dir='ltr'><strong><em>Νίσον</em></strong></span> <span class='ocrx_word' id='word_1_225' title='bbox 462 3216 513 3270; x_wconf 89' lang='lat' dir='ltr'><strong><em>RX</em></strong></span> <span class='ocrx_word' id='word_1_226' title='bbox 531 3215 623 3272; x_wconf 87' lang='grc' dir='ltr'><strong><em>Νίσον</em></strong></span> <span class='ocrx_word' id='word_1_227' title='bbox 642 3234 780 3287; x_wconf 77' lang='lat' dir='ltr'><strong>suprascr.</strong></span> <span class='ocrx_word' id='word_1_228' title='bbox 800 3226 817 3288; x_wconf 83' lang='grc' dir='ltr'><strong><em>η</em></strong></span> <span class='ocrx_word' id='word_1_229' title='bbox 836 3218 866 3274; x_wconf 82' lang='lat' dir='ltr'><strong><em>F.</em></strong></span> <span class='ocrx_word' id='word_1_230' title='bbox 905 3218 939 3273; x_wconf 83' lang='lat' dir='ltr'><strong><em>de</em></strong></span> <span class='ocrx_word' id='word_1_231' title='bbox 953 3235 984 3273; x_wconf 78' lang='lat' dir='ltr'><strong><em>re</em></strong></span> <span class='ocrx_word' id='word_1_232' title='bbox 999 3219 1034 3273; x_wconf 86' lang='lat' dir='ltr'><strong><em>cf.</em></strong></span> <span class='ocrx_word' id='word_1_233' title='bbox 1048 3217 1132 3274; x_wconf 78' lang='lat' dir='ltr'>Paus.</span> 
     </span>
    </p>

    <p class='ocr_par' dir='ltr' id='par_1_12' title="bbox 109 3286 1133 3360">
     <span class='ocr_line' id='line_1_31' title="bbox 109 3286 1133 3360; baseline 0.003 -19"><span class='ocrx_word' id='word_1_234' title='bbox 109 3287 183 3353; x_wconf 85' lang='lat'>111,</span> <span class='ocrx_word' id='word_1_235' title='bbox 199 3292 223 3342; x_wconf 79' lang='grc' dir='ltr'><strong><em>δ.</em></strong></span> <span class='ocrx_word' id='word_1_236' title='bbox 297 3288 332 3343; x_wconf 81' lang='grc'><strong><em>19</em></strong></span> <span class='ocrx_word' id='word_1_237' title='bbox 349 3286 512 3358; x_wconf 83' lang='grc' dir='ltr'><strong><em>Δημητρίου</em></strong></span> <span class='ocrx_word' id='word_1_238' title='bbox 530 3290 560 3343; x_wconf 73' lang='lat' dir='ltr'><strong><em>F.</em></strong></span> <span class='ocrx_word' id='word_1_239' title='bbox 632 3287 676 3344; x_wconf 71' lang='lat'><strong><em>20.</em></strong></span> <span class='ocrx_word' id='word_1_240' title='bbox 691 3289 725 3344; x_wconf 78' lang='grc'><strong><em>21</em></strong></span> <span class='ocrx_word' id='word_1_241' title='bbox 746 3290 846 3354; x_wconf 73' lang='grc' dir='ltr'><strong><em>πεζοὺς</em></strong></span> <span class='ocrx_word' id='word_1_242' title='bbox 862 3287 969 3360; x_wconf 84' lang='grc' dir='ltr'><strong><em>χιλίους</em></strong></span> <span class='ocrx_word' id='word_1_243' title='bbox 987 3291 1036 3344; x_wconf 79' lang='grc' dir='ltr'><strong><em>καί</em></strong></span> <span class='ocrx_word' id='word_1_244' title='bbox 1054 3310 1133 3358; x_wconf 87' lang='grc' dir='ltr'><strong><em>τρια-</em></strong></span> 
     </span>
    </p>

    <p class='ocr_par' dir='ltr' id='par_1_13' title="bbox 108 3356 1132 3430">
     <span class='ocr_line' id='line_1_32' title="bbox 108 3356 1132 3430; baseline 0.003 -17"><span class='ocrx_word' id='word_1_245' title='bbox 108 3356 222 3421; x_wconf 86' lang='grc' dir='ltr'><strong><em>κοσίους</em></strong></span> <span class='ocrx_word' id='word_1_246' title='bbox 241 3357 343 3423; x_wconf 74' lang='grc' dir='ltr'><strong><em>ἱππέας</em></strong></span> <span class='ocrx_word' id='word_1_247' title='bbox 361 3361 433 3429; x_wconf 82' lang='lat' dir='ltr'>App.</span> <span class='ocrx_word' id='word_1_248' title='bbox 450 3360 509 3429; x_wconf 85' lang='lat' dir='ltr'>Syr.</span> <span class='ocrx_word' id='word_1_249' title='bbox 524 3365 567 3415; x_wconf 78' lang='lat'><strong><em>54.</em></strong></span> <span class='ocrx_word' id='word_1_250' title='bbox 629 3359 665 3414; x_wconf 72' lang='lat'><strong><em>22</em></strong></span> <span class='ocrx_word' id='word_1_251' title='bbox 683 3357 897 3430; x_wconf 82' lang='grc' dir='ltr'><strong><em>μετεωρισμένος</em></strong></span> <span class='ocrx_word' id='word_1_252' title='bbox 915 3361 946 3430; x_wconf 72' lang='lat'><strong><em>1⁴¹,</em></strong></span> <span class='ocrx_word' id='word_1_253' title='bbox 965 3378 1034 3416; x_wconf 87' lang='lat' dir='ltr'><strong>corr.</strong></span> <span class='ocrx_word' id='word_1_254' title='bbox 1054 3367 1079 3415; x_wconf 77' lang='lat'><strong><em>2.</em></strong></span> <span class='ocrx_word' id='word_1_255' title='bbox 1095 3379 1132 3416; x_wconf 90' lang='lat' dir='ltr'><strong><em>m.</em></strong></span> 
     </span>
    </p>

    <p class='ocr_par' dir='ltr' id='par_1_14' title="bbox 83 3428 1134 3575">
     <span class='ocr_line' id='line_1_33' title="bbox 98 3428 1134 3502; baseline 0.005 -20"><span class='ocrx_word' id='word_1_256' title='bbox 98 3429 144 3482; x_wconf 52' lang='lat' dir='ltr'><strong><em>a?</em></strong></span> <span class='ocrx_word' id='word_1_257' title='bbox 152 3429 212 3498; x_wconf 71' lang='grc' dir='ltr'><strong><em>ήχει</em></strong></span> <span class='ocrx_word' id='word_1_258' title='bbox 226 3432 376 3499; x_wconf 72' lang='lat' dir='ltr'><strong><em>(suprascr.</em></strong></span> <span class='ocrx_word' id='word_1_259' title='bbox 394 3433 431 3501; x_wconf 85' lang='grc' dir='ltr'><strong><em>οι)</em></strong></span> <span class='ocrx_word' id='word_1_260' title='bbox 445 3432 475 3485; x_wconf 75' lang='lat' dir='ltr'><strong><em>F.</em></strong></span> <span class='ocrx_word' id='word_1_261' title='bbox 513 3428 571 3502; x_wconf 84' lang='grc' dir='ltr'><strong><em>μετ’</em></strong></span> <span class='ocrx_word' id='word_1_262' title='bbox 585 3432 677 3486; x_wconf 76' lang='grc' dir='ltr'><strong><em>αὐτῶν</em></strong></span> <span class='ocrx_word' id='word_1_263' title='bbox 690 3440 746 3486; x_wconf 84' lang='grc' dir='ltr'><strong><em>τῶν</em></strong></span> <span class='ocrx_word' id='word_1_264' title='bbox 761 3429 850 3500; x_wconf 84' lang='grc' dir='ltr'><strong><em>φίλων</em></strong></span> <span class='ocrx_word' id='word_1_265' title='bbox 863 3433 893 3486; x_wconf 81' lang='lat' dir='ltr'><strong><em>F.</em></strong></span> <span class='ocrx_word' id='word_1_266' title='bbox 949 3431 1065 3487; x_wconf 73' lang='lat'>22-23</span> <span class='ocrx_word' id='word_1_267' title='bbox 1082 3436 1134 3488; x_wconf 63' lang='lat' dir='ltr'><strong><em>aut</em></strong></span> 
     </span>
     <span class='ocr_line' id='line_1_34' title="bbox 83 3494 1133 3575; baseline 0.012 -28"><span class='ocrx_word' id='word_1_268' title='bbox 83 3494 160 3550; x_wconf 65' lang='lat' dir='ltr'><strong><em>Am</em></strong></span> <span class='ocrx_word' id='word_1_269' title='bbox 177 3497 239 3554; x_wconf 80' lang='grc' dir='ltr'><strong><em>κάν</em></strong></span> <span class='ocrx_word' id='word_1_270' title='bbox 253 3521 285 3570; x_wconf 88' lang='grc' dir='ltr'><strong><em>μ.</em></strong></span> <span class='ocrx_word' id='word_1_271' title='bbox 307 3501 384 3574; x_wconf 77' lang='grc' dir='ltr'><strong><em>ήχυν</em></strong></span> <span class='ocrx_word' id='word_1_272' title='bbox 405 3506 430 3560; x_wconf 82' lang='grc' dir='ltr'><strong><em>δ.</em></strong></span> <span class='ocrx_word' id='word_1_273' title='bbox 453 3503 639 3562; x_wconf 79' lang='lat' dir='ltr'>scribendum</span> <span class='ocrx_word' id='word_1_274' title='bbox 657 3505 754 3560; x_wconf 65' lang='grc' dir='ltr'><strong><em>οοοιοε</em></strong></span> <span class='ocrx_word' id='word_1_275' title='bbox 767 3502 914 3559; x_wconf 60' lang='lat' dir='ltr'><strong><em>Mul</em></strong></span> <span class='ocrx_word' id='word_1_276' title='bbox 927 3521 959 3575; x_wconf 74' lang='grc' dir='ltr'><strong><em>ρ.</em></strong></span> <span class='ocrx_word' id='word_1_277' title='bbox 972 3509 1005 3558; x_wconf 68' lang='lat'><strong><em>85</em></strong></span> <span class='ocrx_word' id='word_1_278' title='bbox 1027 3506 1077 3557; x_wconf 72' lang='lat' dir='ltr'><strong><em>aut</em></strong></span> <span class='ocrx_word' id='word_1_279' title='bbox 1096 3501 1133 3560; x_wconf 75' lang='grc' dir='ltr'><strong><em>δν</em></strong></span> 
     </span>
    </p>

    <p class='ocr_par' dir='ltr' id='par_1_15' title="bbox 61 3567 486 3637">
     <span class='ocr_line' id='line_1_35' title="bbox 61 3567 486 3637; baseline 0.031 -12"><span class='ocrx_word' id='word_1_280' title='bbox 61 3568 142 3625; x_wconf 70' lang='lat' dir='ltr'><strong><em>pout</em></strong></span> <span class='ocrx_word' id='word_1_281' title='bbox 158 3567 285 3628; x_wconf 74' lang='grc' dir='ltr'><strong><em>παίδων</em></strong></span> <span class='ocrx_word' id='word_1_282' title='bbox 302 3576 486 3637; x_wconf 74' lang='lat' dir='ltr'>addendum.</span> 
     </span>
    </p>
   </div>
   <div class='ocr_carea' id='block_1_5' title="bbox 0 0 1234 3848">
    <p class='ocr_par' dir='ltr' id='par_1_16' title="bbox 0 0 1234 3848">
     <span class='ocr_line' id='line_1_36' title="bbox 0 0 1234 3848; baseline 0 0"><span class='ocrx_word' id='word_1_283' title='bbox 0 0 1234 3848; x_wconf 95' lang='lat' dir='ltr'><strong><em> </em></strong></span> 
     </span>
    </p>
   </div>
  </div>
 </body>
</html>
