2460 3848
430 189 473 246 01.
484 195 544 257 ιιι,
560 196 584 244 1:
604 194 657 244 ειο
671 186 770 244 που.
1066 192 1108 256 31

89 346 130 424 τή
149 349 217 405 τῶν
235 338 348 402 τόπων
366 335 556 421 ὀχυρότητι,
579 335 847 420 καραδοκοῦντας
867 336 929 418 τήν
949 333 1025 421 παρ’
1042 335 1111 399 Εὐ-

89 452 212 529 μενοῦς
241 446 415 527 βοήθειαν,
443 442 464 528 ή
494 444 665 527 φυγόντας
694 443 755 525 τήν
781 443 939 527 ταχίστην
966 440 1112 507 ἀλᾶσθαι

90 553 173 619 κατὰ
190 552 253 635 τήν
268 551 390 636 χώραν,
409 559 690 635 καιροτηροῦντας
704 550 763 626 τὰς
778 548 968 633 μεταβολάς.
999 572 1112 632 γνγνο·
1131 569 1147 618 3

90 657 192 742 μένης
220 654 259 722 δὲ
287 657 441 734 πλείονος
470 655 660 740 ἀντιλογίας
689 658 837 739 Δόκιμος
865 655 927 739 μὲν
956 653 1113 741 ἐκχωρεῖν

59 764 347 848 ισυνεβούλευεν,
379 764 413 829 ολ
444 763 482 828 δὲ
510 764 587 848 περί
616 765 676 829 τὸν
697 760 859 829 ’Ἀτταλον
891 762 952 828 οὐκ
984 759 1113 847 ἔφασαν

91 872 300 955 δυνήσεσθαι
322 876 530 937 κακοπαθεῖν
553 870 609 934 διὰ
631 870 693 954 τήν
716 867 753 935 έν
771 879 842 947 τοῖς
864 870 998 953 δεσμοῖς
1019 893 1114 955 γενο-

91 976 196 1062 μένην
222 979 412 1063 κακουχίαν.
462 976 592 1042 τούτων
619 976 657 1041 δὲ
683 977 767 1062 πρὸς
796 976 961 1062 ἀλλήλους
990 979 1114 1043 διιστα-

93 1084 203 1168 μένων
230 1080 387 1168 ἔφθασαν
415 1082 451 1150 έκ
478 1095 547 1150 τῶν
574 1083 740 1167 σύνεγγυς
767 1086 942 1169 φρουρίων
970 1086 1114 1171 συνδρα-

93 1194 210 1275 μόντες
233 1202 429 1277 στρατιῶται
450 1192 541 1271 πεζοί
558 1190 620 1274 μέν
638 1192 774 1268 πλείους
790 1200 859 1256 τῶν
876 1194 1114 1276 πεντακοσίων,

48 1322 75 1362 ιο
95 1301 204 1376 ἱππεῖς
226 1298 264 1363 δὲ
286 1300 506 1383 τετρακόσιοι,
529 1298 631 1384 χωρίς
653 1297 691 1363 δὲ
713 1297 842 1364 τούτων
865 1297 901 1364 ἐκ
923 1310 992 1365 τῶν
1015 1298 1114 1386 έγχω-

93 1409 176 1491 ρίων
208 1407 304 1471 ἀλλοτ
335 1406 543 1471 παντοδαποὶ
574 1407 710 1482 πλείους
745 1416 813 1470 τῶν
844 1408 1046 1491 τρισχιλίων,
1082 1409 1117 1472 οἳ

93 1514 279 1599 στρατηγὸν
297 1510 331 1590 ἐξ
354 1510 483 1578 ἑαυτῶν
500 1516 762 1597 καταστήσαντες
783 1513 1115 1598 περιεστρατοπέδευ-
1171 1597 1173 1602 .

93 1636 157 1687 σαν
189 1621 226 1685 τὸ
258 1621 391 1705 χωρίον.
446 1618 641 1705 παραδόξως
673 1620 711 1686 δέ
742 1619 843 1686 πάλιν
875 1620 987 1686 αὐτῶν
1018 1639 1151 1686 κατα·4

92 1725 318 1793 κλωσθέντων
340 1729 488 1809 Δόκιμος
515 1727 577 1810 μὲν
603 1727 787 1809 κατάβασίν
813 1751 888 1794 τινα
910 1731 1116 1813 κατανοήσας

50 1855 75 1896 ιι
93 1833 288 1919 ἀφύλακτον
320 1833 599 1920 διεπρεσβεύσατο
631 1835 716 1919 πρὸς
745 1836 808 1919 τήν
833 1830 1027 1919 Ἀντιγόνου
1056 1861 1116 1920 γυ-

93 1949 193 2006 ναῖκα
222 1942 463 2026 Στρατονίκην,
496 1935 602 2007 οὖσαν
634 1943 777 2025 πλησίον
808 1951 877 2006 τῶν
906 1944 1029 2026 τόπων,
1061 1943 1117 2009 καί

95 2047 250 2131 δεύτερος
277 2046 334 2112 διὰ
360 2047 481 2133 ταύτης
508 2046 695 2133 ἐκπηδήσας
722 2050 823 2126 αὐτὸς
849 2049 911 2132 μέν
933 2050 996 2114 ούκ
1023 2046 1116 2135 έτυχε

96 2155 251 2237 πίστεως,
278 2151 351 2219 ἀλλ’
374 2155 421 2231 είς
449 2156 604 2238 φυλακήν
631 2156 820 2241 παρεδόθη,
848 2148 866 2221 δ
895 2156 933 2221 δὲ
955 2172 1117 2241 συγκατα-

96 2263 158 2344 βὰς
181 2261 270 2346 αύτῷ
293 2261 570 2346 καθηγησάμενος
592 2272 662 2340 τοῖς
684 2264 854 2347 πολεμίοις
880 2262 1047 2348 ἀνήγαγεν
1070 2265 1118 2342 είς

51 2369 134 2451 ιομδ
170 2370 294 2453 χωρίον
330 2368 392 2433 οὐκ
429 2368 565 2453 ὀλίγους
600 2369 656 2434 καί
693 2369 888 2453 κατελάβετο
930 2372 1010 2453 μίαν
1049 2382 1118 2437 τῶν

97 2475 227 2560 ὀρθίων
249 2484 387 2559 πετρῶν.
425 2477 458 2541 οί
481 2476 519 2542 δὲ
541 2477 618 2561 περὶ
640 2478 700 2542 τὸν
714 2473 876 2543 ’Ἀττάλου
898 2480 985 2543 πολὺ
1008 2481 1152 2545 λειπόῖ

96 2605 191 2665 μενοι
208 2591 279 2658 τοῖς
296 2584 441 2665 πλήθεσι
459 2582 516 2647 διά
532 2586 591 2660 τὰς
609 2582 727 2669 ἀρετὰς
749 2583 939 2670 ἀντείχοντο
962 2582 1113 2651 τάλανθ’

96 2687 223 2773 ἡμέραν
246 2688 482 2772 ἀγωνιζόμενοι
504 2690 753 2777 διεκαρτέρουν·
779 2691 1058 2778 πολιορκηθέντες
1081 2692 1119 2757 δὲ

97 2793 253 2861 ἐνιαυτὸν
275 2796 331 2861 καί
353 2805 459 2879 μήνας
481 2796 643 2882 τέσσαρας
663 2797 798 2882 ήλωσαν
818 2800 901 2864 κατά
923 2798 1050 2883 κράτος,

52 2923 79 2964 ιτ
166 2896 237 2966 Ἐπ’
264 2902 424 2987 άρχουτος
459 2902 489 2966 δ’
512 2900 673 2988 Ἀθήνησι
705 2905 937 2988 Δημοκλείδου
968 2902 1119 2986 Ῥωμαῖοι
1130 2906 1169 2970 17

98 3008 160 3091 μέν
186 3007 334 3086 ὑπάτους
361 3009 564 3094 κατέστησαν
593 3009 696 3076 Γάιον
720 3010 862 3077 Ἰούνιον
889 3011 944 3076 καί
971 3013 1119 3077 Κόιντον

170 3201 187 3255 2
206 3202 362 3272 φεύγοντας
380 3202 410 3257 F.
449 3202 575 3258 ἀλᾶσθαι
592 3203 622 3270 F,
641 3204 832 3274 suprascripto
852 3204 942 3259 altero
956 3207 971 3257 λ
986 3221 1002 3259 ιι
1017 3220 1070 3259 seo.
1081 3223 1117 3259 m.

98 3273 117 3328 θ
141 3270 306 3342 γιγνομένης
328 3273 379 3328 RX
407 3273 452 3344 (cf.
478 3275 665 3330 Meisterhans
690 3274 735 3329 Gr.
759 3275 984 3332 (1.υττ.ΙιιεοΙιε.
1008 3294 1036 3345 p.
1056 3278 1117 3344 141)

99 3341 249 3413 γενομένης
266 3345 296 3399 F.
369 3346 464 3408 δτοῑς
483 3363 536 3400 om.
551 3346 581 3400 F.
618 3343 803 3416 γεγενημένην
822 3347 851 3400 F.
923 3347 958 3402 12
976 3348 1069 3402 αότῶν
1087 3348 1117 3402 F.

99 3413 136 3469 14
157 3412 207 3484 μέν
232 3435 297 3470 τινα
322 3416 478 3540 κατάβασιν
497 3417 527 3472 F.
600 3417 636 3472 1ss
659 3417 694 3472 cf.
714 3418 790 3473 Pluss.
807 3419 936 3474 nem.
1003 3419 1048 3468 Q
1065 3434 1138 3464 ‘ffl-

99 3484 212 3556 ελάβετο
230 3487 268 3554 Β,
287 3506 304 3541 ν
323 3486 359 3540 ab
378 3490 426 3542 οῖ.
447 3506 483 3543 m.
504 3506 593 3561 supra
611 3510 625 3546 ε
643 3491 753 3562 posim.
832 3488 940 3544 ‘252ss
963 3484 1167 3540 &AEffiffi

94 3555 164 3610 ΗοΙΙ.
179 3556 248 3610 1Ιί
265 3575 294 3626 p.
311 3563 365 3615 264
379 3576 405 3614 a.
423 3567 451 3631 κς
472 3563 569 3621 Reuss
587 3564 673 3624 Hier.
686 3584 717 3622 v.
728 3563 830 3620 Rata.
845 3579 882 3630 η.
894 3562 968 3612 m.
