2460 3848
20 3742 37 3808 Ιι

131 205 196 272 206
498 201 784 258 Diodor.xx23.24.

128 350 272 435 ῆγεμύν,
295 348 380 434 ἀνὴρ
403 348 458 414 καί
482 347 615 414 συνέσει
637 348 693 413 καί
715 350 818 438 τόλμῆ
842 346 1022 434 διαφέρων,
1050 364 1154 434 προσ-

106 458 241 539 ,πεσὼν
271 456 327 521 διδ
355 466 414 541 τῆς
441 455 558 522 διόδου
586 456 670 542 πρὸς
695 457 734 520 τὸ
761 463 868 540 τείχος
895 455 950 520 καί
977 456 1058 537 μετά
1085 466 1154 521 τῶν

130 564 207 649 περί
229 563 350 629 ἑαυτὸν
372 568 527 649 λαμπρῶς
550 562 798 647 ἀγωνισάμενος
818 560 1008 646 ἐξεβιάσθη,
1031 565 1154 627 πολλα-

96 673 281 738 τπλασίων
304 668 356 735 ἐπ’
373 669 477 737 αὐτὸν
499 667 757 748 ἐπεξελθόντων.
794 668 835 735 δν
860 669 942 734 λδὼυ
960 668 978 734 ὁ
997 665 1154 754 Σάτυρος

129 777 372 843 κινδυνεύοντα
406 775 529 862 ταχέως
565 780 769 863 παρεβοήθει
805 776 861 841 καί
892 776 955 860 τῆν
986 777 1155 861 ἐπιφοράν
1187 797 1199 837 ε

130 894 198 949 των
226 885 394 965 πολεμίων
422 883 569 962 ὑποστάς
599 881 731 970 ἐτρώθη
764 885 866 973 λόγχῃ
896 882 952 947 διδ
981 891 1041 947 τοῦ
1072 885 1154 966 βρα-

130 992 242 1075 χίονος
277 990 334 1056 καί
369 1001 477 1068 κακῶς
513 987 731 1056 ἀπαλλάττων
767 989 834 1055 ὑπὸ
870 997 931 1055 τοῦ
967 989 1154 1075 τραύματος

131 1095 322 1180 ἐπανῆλθεν
345 1099 393 1176 είς
420 1100 482 1184 τῆν
504 1098 719 1184 παρεμβολὴν
741 1096 797 1162 καί
823 1097 941 1174 νυκτὸς
963 1094 1155 1180 ἐπιγενομέ-

130 1228 191 1288 νης
216 1202 343 1282 ἐξέλιπε
370 1205 431 1269 τὸν
452 1206 540 1289 βίον,
568 1203 666 1271 ἐννέα
692 1205 798 1287 μόνον
820 1213 926 1289 μῆνας
953 1204 1154 1286 βασιλεύσας

95 1327 112 1377 8
130 1312 210 1393 μετά
232 1312 295 1396 τῆν
317 1320 377 1377 τοῦ
401 1313 524 1398 πατρὸς
547 1313 704 1396 τελευτῆν
725 1310 941 1396 Παρυσάδου.
982 1312 1155 1389 Μενίσκος
1174 1331 1199 1371 ιο

131 1415 203 1483 δ’ὁ
231 1429 299 1483 τῶν
326 1420 549 1504 μισθοφόρων
575 1419 708 1503 ῆγεμὼν
736 1417 839 1494 λύσας
865 1419 927 1502 τῆν
956 1419 1155 1504 πολιορκίαν

131 1524 279 1611 άπῆγαγε
310 1526 373 1610 τῆν
405 1526 549 1611 δύναμιν
581 1526 629 1602 είς
660 1523 833 1610 Γάργαζαν
864 1526 964 1589 πόλιν
995 1523 1155 1590 κάκεῖθεν

130 1633 168 1698 τὸ
198 1640 258 1698 τοῦ
288 1631 449 1714 βασιλέως
479 1642 573 1714 σῶμα
602 1632 658 1697 διά
689 1639 750 1696 τοῦ
783 1640 932 1714 ποταμοῦ
965 1631 1155 1713 διεκόμισεν

77 1738 178 1815 24είς
210 1738 463 1804 Παντικάπαιον
494 1739 578 1825 πρὸς
608 1740 669 1804 τὸν
701 1737 850 1823 ἀδελφὸν
880 1738 1064 1824 Πρύτανιν.
1117 1737 1155 1816 ὃς

130 1845 240 1928 ταφῆν
273 1845 471 1924 συντελέσας
501 1850 734 1931 μεγαλοπρεπῆ
766 1844 821 1909 καί
852 1843 1079 1927 καταθέμενος
1106 1845 1155 1922 είς
1175 1865 1200 1905 ιε

130 1952 189 2029 τάς
211 1954 384 2034 βασιλικάς
406 1957 514 2039 θῆκας
535 1953 573 2018 τὸ
598 1961 691 2034 σῶμα
713 1950 835 2036 ταχέως
858 1948 939 2036 ῆκεν
957 1953 1005 2028 εἰς
1024 1951 1155 2037 Γάργα-

131 2061 190 2137 ζαν
218 2059 273 2125 καλ
303 2061 365 2145 τῆν
395 2060 539 2143 δύναμιν
569 2060 635 2141 άμα
663 2058 719 2124 καί
748 2060 810 2143 τῆν
840 2059 1041 2124 δυναστείαν
1070 2079 1155 2143 παρ-

131 2165 258 2249 ἐλαβεν.
311 2167 471 2252 Εὐμήλου
502 2165 540 2231 δὲ
570 2163 896 2251 διαπρεσβευομένου
926 2165 1003 2251 περί
1031 2163 1155 2250 μέρους

130 2282 189 2356 τῆς
219 2275 389 2356 βασιλείας
420 2273 526 2360 τούτῳ
559 2272 620 2355 μὲν
648 2272 688 2337 ού
716 2280 902 2357 προσεῖχεν,
935 2270 972 2337 ἐν
1000 2271 1039 2337 δὲ
1066 2275 1154 2357 Γαρ-

131 2379 211 2470 γάζῃ
235 2382 390 2466 φρουράν
413 2379 586 2445 ἀπολιπὼν
608 2369 805 2462 ἐπανῆλθεν
823 2381 871 2457 είς
889 2377 1154 2464 Παντικάπαιον,
1174 2401 1200 2442 ιο

131 2483 397 2571 ἀσφαλισόμενος
428 2487 469 2550 τά
500 2485 583 2550 κατὰ
614 2486 675 2569 τῆν
705 2488 886 2568 βασιλείαν.
936 2482 1015 2552 καθ’
1037 2485 1078 2551 ὃν
1111 2487 1153 2571 δῆ

128 2593 255 2676 χρόνον
277 2593 448 2677 Εύμῆλος,
478 2592 802 2677 συναγωνισαμένων
826 2593 914 2679 αὐτῷ
937 2603 1005 2658 τῶν
1028 2593 1155 2679 βαρβά-

131 2721 211 2784 ρων,
234 2701 295 2783 τῆν
317 2721 353 2764 τε
377 2698 550 2785 Γάργαζαν
572 2698 768 2783 κατελάβετο
791 2699 936 2790 καὶτῶν
959 2701 1070 2765 άλλων
1093 2721 1155 2766 πο-

202 2856 218 2911 l
246 2857 380 2924 προοπὼν
406 2854 440 2911 X.
519 2857 537 2912 δ
564 2854 770 2912 πολλαπλασίου
795 2856 821 2910 Χ
848 2854 1096 2912 πολλαπλασιόνων
1121 2858 1153 2914 F.

132 2929 147 2983 λ
166 2928 215 2983 καλ
233 2935 327 2990 κακῶς
346 2925 539 3001 ἀπαλλάττων]
563 2936 657 2991 κακῶς
676 2926 704 2996 δ’
721 2927 902 2982 ἀπαλλάττων
921 2929 951 2982 F.
1028 2927 1046 2983 9
1069 2926 1156 2984 ἐννέα

130 3008 220 3070 μῆνας
246 2995 334 3068 μόνον
361 2999 394 3052 R.
468 2999 503 3054 12
528 3001 569 3063 είς
593 2998 743 3070 Γάργαζαν
767 2996 861 3071 πόλιν]
888 2999 1007 3054 eandem
1032 3016 1093 3054 esse
1119 3017 1155 3056 ac

130 3069 286 3125 Ptolemaei
305 3069 341 3140 (V
354 3075 379 3137 8,
394 3072 422 3140 2)
436 3069 580 3139 Γόρουοαν
596 3070 783 3140 probabiliter
796 3073 911 3126 censent
923 3070 1023 3137 λύετε,
1037 3071 1155 3126 Boeckh

130 3142 149 3196 l.
163 3141 191 3210 1.‚
210 3140 329 3195 Mueller
346 3141 364 3196 l.
379 3141 397 3195 l.
417 3160 444 3212 p.
460 3147 520 3197 904.
593 3142 628 3197 13
652 3142 701 3196 διὰ
718 3151 768 3197 τοῦ
787 3151 913 3211 ποταμοῦ
937 3159 990 3198 om.
1005 3143 1040 3207 1⁴³3
1062 3159 1110 3196 sus
1134 3167 1155 3212 .;

131 3215 194 3283 ‘per
207 3229 318 3267 emnem
332 3215 361 3267 et
375 3214 442 3268 dein
454 3214 555 3269 itinere
569 3214 711 3268 maritimo
727 3214 944 3283 transportavil'
957 3213 1077 3268 Mueller
1090 3161 1154 3283 [ἐς

131 3300 183 3354 ego
210 3284 328 3338 coniicio
352 3284 401 3339 διδι
423 3293 472 3340 τον
495 3289 627 3354 πορθμοῦ
653 3286 699 3354 (ef.
726 3284 817 3339 θέκελ).
836 3283 875 3338 XI
893 3291 918 3350 κ,
934 3290 962 3353 6;
987 3301 1069 3340 enon.
1093 3302 1154 3355 per.

130 3355 214 3410 Ponti
233 3354 338 3425 (GGM.
353 3355 367 3408 I
384 3375 411 3426 p.
427 3359 504 3426 414);
523 3356 620 3426 Steph.
634 3356 701 3425 Byz.
721 3374 741 3410 ε.
756 3374 780 3410 v.
801 3353 956 3425 Πορθμία).
1018 3355 1054 3410 14
1071 3361 1156 3412 Παν-

119 3425 292 3501 τικάπαιον]
319 3427 354 3484 ef.
383 3428 542 3499 Latyschev
564 3428 582 3482 l.
597 3428 615 3482 l.
638 3445 665 3497 p.
687 3427 752 3481 XVI
766 3444 790 3483 a.
806 3433 830 3481 2.
908 3426 944 3481 16
966 3426 1100 3498 Γάργαζα
1122 3430 1155 3486 Γ.

89 3493 145 3634 ἦ]
151 3497 395 3627 ἔὲμαῖρούμενος
403 3502 491 3560 Dind.
500 3501 547 3577 (cf.
558 3500 691 3559 Schmidt
699 3499 713 3555 l
721 3543 726 3554 .
733 3499 812 3554 llll.
820 3497 1063 3568 melfien?
1071 3503 1155 3572 sqq).
