2460 3848
110 155 153 224 56
470 149 659 206 modonxlx
673 155 768 205 σῶοί.

74 301 171 383 οτην
194 298 383 363 ἀπώλειαν.Ι
414 294 675 380 ἐπιπολαζούσης
696 295 734 361 δὲ
757 304 814 379 τῆς
837 295 1054 383 ῥᾳδιουργίας
1075 296 1133 361 καὶ

110 411 244 472 πολλῶν
262 401 512 490 ἀναιρουμένων
530 412 651 469 τοῦτον
669 404 730 468 τὸν
747 404 884 489 τρόπον,
902 400 1015 486 ἐπειδὴ
1034 403 1133 467 κολά-

110 516 221 592 ζοντες
251 513 310 588 τάς
341 512 447 587 αίτίας
478 521 546 576 τῶν
578 519 688 576 κακῶν
718 508 779 575 οὐκ
806 509 1029 594 ἠδυνήθησαν
1051 508 1134 574 ἀπο-

110 618 228 705 τρέψαι
251 617 308 697 τδις
331 618 432 696 ἀλλος
452 628 519 683 τῶν
539 616 758 701 ἀδικημάτων,
777 619 882 700 νόμον
901 613 1025 682 ἔθεσαν
1043 616 1135 694 ὅπως

110 728 416 811 συγκατακαίωνται
443 733 512 801 τοῖς
538 726 806 808 τετελευτηκόσιν
829 723 993 809 ἀνδράσιν
1016 724 1051 789 αλ
1073 749 1131 808 γυ·
1165 742 1177 784 ι

110 842 222 909 ναῖκες
251 833 338 916 πλην
368 842 436 896 τῶν
465 829 594 914 ἐγκύων
616 831 637 915 ἢ
660 841 729 896 τῶν
751 828 900 915 ἐχουσῶν
922 828 1033 896 τέκνα·
1071 831 1135 915 τὴν

111 939 148 1004 δὲ
179 939 223 1022 μη
256 936 466 1022 βουλομένην
496 947 540 1026 τῶ
572 938 711 1022 δόγματι
740 944 919 1024 πιθαρχεῖν
942 940 1049 1023 χήραν
1071 937 1135 1021 μὲν

110 1038 197 1110 είναι
224 1045 283 1109 διά-
307 1043 422 1121 τέλους
447 1045 503 1109 καί
525 1051 658 1110 θυσιῶν
680 1044 826 1111 καὶτῶν
849 1045 959 1109 ἀλλων
982 1046 1134 1127 νομίμων

74 1172 92 1220 4
110 1151 283 1237 εἴργεσθαι
306 1151 362 1216 διά
386 1152 511 1228 παντὸς
535 1151 579 1228 ὡς
597 1150 795 1235 ἀσεβοῦσαν.
831 1151 959 1217 τούτων
978 1150 1016 1216 δδ
1034 1175 1135 1234 νομο-

109 1257 327 1342 θετηθέντων
345 1260 392 1337 είς
410 1257 609 1324 τούναντίον
628 1259 689 1342 την
707 1260 919 1343 παρανομίαν
936 1267 1003 1323 τῶν
1017 1281 1134 1341 γυναι·
1152 1278 1177 1318 ιο

110 1375 179 1432 κῶν
205 1368 403 1449 μεταβαλεῖν
431 1364 568 1449 συνέβη·
606 1365 662 1430 διά
691 1365 754 1450 γάρ
778 1367 839 1450 την
861 1364 1054 1450 ὑπερβολὴν
1075 1375 1135 1450 τῆς

110 1473 240 1556 ἀτιμίας
262 1471 399 1556 ἑκάστης
417 1471 649 1556 ὑπομενούσης
666 1470 826 1548 ἑκουσίως
845 1472 904 1536 τὸν
921 1471 1074 1537 θάνατον
1092 1473 1134 1537 ού

110 1583 216 1664 μόνον
245 1585 466 1664 προνοεῖσθαι
494 1588 552 1663 τῆς
581 1590 649 1644 τῶν
678 1578 928 1644 συνοικούντων
951 1578 1135 1664 ἀσφαλείας

111 1687 155 1764 ῶς
185 1696 298 1771 κοινῆς
328 1685 445 1770 ούσης,
474 1685 557 1750 ἀλλά
579 1685 635 1750 καί
657 1686 742 1771 πρὸς
764 1683 907 1770 ἀλλήλας
930 1684 1135 1767 ἁμιλλᾶσθαι

57 1793 101 1859 34
111 1792 263 1877 καθάπερ
286 1790 371 1877 ὑπὲρ
394 1776 451 1877 της
474 1795 628 1876 μεγίστης
651 1789 811 1869 εὐδοξίας.
849 1791 943 1857 δκαῖ
961 1793 1034 1857 τότε
1053 1808 1135 1858 συν·
1153 1816 1177 1859 ιι

112 1899 184 1984 ε’βη
222 1907 281 1965 τοῦ
304 1899 369 1984 γὰρ
392 1901 497 1982 νόμου
520 1901 601 1982 μίαν
623 1898 817 1973 κελεύοντος
844 1898 1135 1982 συγκατακάεσθαι

110 2015 263 2092 παρῆσαν
287 2005 470 2090 ἀμφότεραι
492 2007 576 2092 πρὸς
593 2008 655 2091 την
674 2014 733 2071 τοῦ
750 2004 885 2090 Κητέως
903 2008 1025 2090 ταφήν,
1048 2004 1134 2090 ὑπὲρ

110 2121 170 2179 τοῦ
203 2118 456 2179 συναποθανεῖν
488 2113 532 2189 ὡς
563 2112 648 2197 ὑπὲρ
684 2112 835 2198 ἀριστίου
872 2113 1134 2197 συμφιλοτιμού·

75 2237 91 2286 2
110 2244 216 2303 μεναι.
256 2231 324 2286 τῶν
343 2220 380 2285 δὲ
398 2230 592 2305 στρατηγῶν
611 2220 852 2303 διακρινόντων
869 2220 890 2304 ἡ
909 2218 1054 2305 νεωτέρα
1072 2219 1135 2302 μὲν

111 2327 312 2412 ἀπεφαίνετο
336 2329 397 2412 την
420 2324 536 2410 ἑτέραν
559 2322 681 2408 ἔγκυον
704 2319 791 2391 είναι
812 2326 868 2391 καὶ
891 2326 947 2392 διά
969 2335 1068 2392 τοῦτο
1090 2328 1134 2412 μὴ
1153 2352 1179 2393 ιο

112 2434 282 2499 δύνασθαι
311 2423 502 2518 χρησασθαι
529 2441 575 2520 τῷ
605 2435 711 2519 νόμφ,
738 2434 758 2517 η
783 2433 821 2498 δὲ
848 2431 1056 2519 πρεσβυτέρα
1085 2434 1136 2498 δι-

111 2541 284 2624 καιότερον
303 2539 504 2624 ἀπεφαίνετο
519 2532 605 2604 είναι
619 2541 680 2624 την
693 2538 904 2624 προέχουσαν
916 2550 986 2618 τοῖς
999 2541 1135 2626 χρόνοις

111 2645 265 2733 προέχειν
288 2646 344 2710 καί
361 2654 401 2731 τῇ
420 2655 510 2731 τιμηγ
533 2645 588 2710 καῖ
607 2646 671 2732 γάρ
690 2643 745 2711 ἐπὶ
763 2657 830 2712 τῶν
848 2647 958 2713 ἀλλων
977 2647 1136 2713 ἁπάντων

111 2743 317 2838 θεωρεῖσθαι
346 2755 425 2830 τούς
454 2751 701 2839 πρεσβυτέρους
727 2755 814 2819 πολὺ
842 2753 1043 2840 προέχοντας
1065 2766 1136 2822 τῶν

76 2876 92 2926 8
112 2859 282 2945 νεωτέρων
303 2862 350 2937 είς
371 2858 536 2945 ἐντροπὴν
556 2860 612 2924 καί
629 2862 735 2944 τιμήν.
773 2861 806 2926 ol
824 2857 855 2925 δ’
874 2854 937 2926 οὖν
955 2863 1136 2947 στρατηγοί
1155 2885 1180 2926 οε

112 2968 168 3033 διά
203 2978 271 3033 τῶν
307 2967 504 3050 μαιεύεσθαι
545 2965 743 3049 δυναμένων
783 2969 920 3051 γνόντες
957 2969 1019 3053 τὴν
1055 2988 1136 3055 πρε-

112 3073 278 3160 σβυτέραν
301 3071 423 3160 έγκυον
446 3069 551 3140 οὖσαν
576 3072 778 3159 προέκριναν
801 3075 863 3157 την
886 3075 1059 3160 νεωτέραν.
1093 3071 1135 3142 οὗ

112 3180 301 3264 συμβάντος
322 3183 343 3265 ἡ
366 3181 428 3263 μὲν
455 3179 669 3265 ἀποτυχοῦσα
691 3189 749 3265 τῆς
770 3182 910 3266 κρίσεως
932 3179 1031 3272 ἀπῄει
1053 3185 1136 3264 μετὰ

184 3319 470 3390 δσυγκατακάωνται
492 3320 576 3375 Dind.
622 3320 814 3390 τελευτήσασιν
833 3321 854 3374 F
936 3322 954 3376 6
978 3321 1085 3392 έγγύων
1103 3322 1135 3376 F.

114 3391 129 3446 ῖ
148 3395 316 3462 πειθαρχεῖν
334 3393 364 3447 F.
411 3392 461 3462 μὲν
480 3387 565 3463 εἶναι]
585 3389 678 3462 μένειν
699 3391 783 3446 Dind.
856 3392 873 3447 8
893 3393 995 3448 ούσιῶν
1013 3394 1044 3460 F,
1064 3410 1135 3450 corr.

103 3468 129 3513 2.
144 3478 182 3515 m,
246 3463 286 3518 16
302 3461 565 3535 σνγκατακαίεσθαι
583 3464 612 3517 F.
675 3462 710 3517 18
728 3461 868 3530 ἀριστείου
888 3465 917 3519 F.
981 3464 1070 3521 2027
1090 3464 1137 3535 ἀγ·

85 3546 165 3591 7¹00st
179 3531 211 3584 ff,
289 3535 328 3592 21
344 3541 479 3609 χρῆσθαι
498 3537 528 3592 F.
604 3535 642 3592 22
662 3531 820 3606 ἀπέφαινεν
835 3536 872 3589 δ.

28 3742 38 3807 λ
