2460 3848
442 189 484 245 01.
496 194 556 255 118,
567 195 596 244 ει
617 194 668 244 εοε
683 206 708 245 ε.
719 189 781 245 chr.
1055 195 1120 260 285

103 334 280 416 τυράννου.
326 333 344 399 δ
373 334 405 398 δ’
425 336 627 418 Ἀγαθοκλῆς
650 337 864 420 πανταχόθεν
886 347 954 402 τῶν
976 335 1121 403 ἐλπίδων
1140 356 1155 404 3

103 441 393 526 περικοπτομένων
425 441 530 520 ούτως
562 440 769 526 ἐταπεινώθη
802 444 864 527 τὴν
894 444 1007 527 ψυχὴν
1038 444 1121 509 ὥστε

103 548 433 633 διαπρεσβεύσασθαι
463 551 547 634 πρὸς
575 549 805 634 Δεινοκράτην
833 549 888 615 καὶ
918 556 1121 635 παρακαλεῖν

103 653 157 720 ἐπὶ
183 656 296 720 τοῖσδε
322 660 496 740 συνθήκας
522 658 741 740 ποιήσασθαι,
769 655 952 742 ἐκχωρῆσαι
977 657 1039 738 μὲν
1064 668 1121 742 της

72 782 84 822 5
103 763 299 840 δυναστείας
308 760 523 847 Ἀγαθοκλέα,
536 764 747 848 παραδοῦναι
760 763 798 828 δέ
811 766 868 841 τὰς
880 764 1122 849 Συρακούσσας

102 879 172 947 τοίς
198 871 348 946 πολίταις
376 870 431 935 καὶ
461 868 574 953 μηκέτι
604 863 690 936 εὶναι
720 870 855 955 φυγάδα
882 871 1120 955 Δεινοκράτην,

103 974 251 1061 ἐξαίρετα
280 977 317 1042 δέ
347 976 493 1061 δοθῆναι
523 987 591 1043 τῶν
623 976 796 1062 ἐρυμάτων
820 975 1018 1060 Ἀγαθοκλεῖ
1048 977 1120 1061 δύο,

105 1083 216 1168 Θέρμα
245 1084 301 1149 καὶ
328 1083 557 1168 Κεφαλοίδιον
577 1083 641 1149 ’καὶ
670 1085 732 1168 την
757 1084 870 1169 χώραν
896 1086 958 1169 την
984 1085 1120 1151 τούτων.

176 1189 350 1272 Θαυμάσαι
374 1186 404 1254 δ’
423 1191 467 1255 άν
488 1214 538 1267 τις
565 1191 698 1267 εἰκότως
726 1189 764 1255 ἐν
786 1189 916 1268 τούτοις
939 1202 1008 1268 πῶς
1028 1188 1121 1275 Ἀγα-
1132 1192 1173 1256 18

59 1318 85 1356 10
102 1302 242 1380 θοκλης,
273 1297 491 1374 ὑποστατικὸς
521 1295 559 1361 ἐν
590 1306 660 1373 τολς
691 1297 803 1374 ἄλλοις
834 1305 915 1362 πᾶσι
943 1300 1121 1380 γενόμενος

103 1403 158 1468 καὶ
175 1403 340 1487 μηδέποθ’
358 1402 479 1469 ἑαυτὸν
501 1402 539 1468 ἐν
560 1413 632 1481 ταλς
655 1402 805 1488 ἐσχάταις
823 1405 1038 1489 προσδοκίαις
1061 1404 1121 1469 άπ-
1180 1478 1183 1483 ,

103 1512 248 1594 ελπίσας,
270 1512 344 1575 τότε
363 1510 537 1588 δειλωθεὶς
556 1509 683 1575 άκονιτὶ
701 1511 913 1596 παρεχώρησε
933 1520 1003 1588 τολς
1025 1516 1121 1576 πολε-

102 1618 190 1699 μίοις
217 1627 274 1700 τῆς
300 1617 515 1701 τυραννίδος,
541 1616 626 1702 ύπέρ
652 1613 691 1701 ης
713 1619 859 1694 πολλούς
880 1617 936 1682 καὶ
958 1617 1121 1701 μεγάλους

102 1724 284 1801 κινδύνους
305 1725 572 1809 προηγωνίσατο,
595 1723 651 1788 καὶ
674 1725 710 1789 τὸ
734 1724 869 1789 πάντων
889 1725 1121 1809 παραλογώτα-

59 1851 84 1890 15
102 1853 172 1913 τον,
190 1835 443 1915 Συρακουσσῶν
460 1853 496 1895 τε
514 1830 692 1914 κυριεύσας
708 1831 763 1896 καὶ
781 1842 849 1897 τῶν
866 1833 976 1897 ἄλλων
991 1834 1120 1898 πόλεων

103 1936 159 2000 καὶ
188 1944 271 2014 ναῦς
300 1937 355 2002 καὶ
384 1941 532 2022 χρήματα
561 1936 757 2021 κεκτημένος
784 1938 839 2002 καὶ
868 1938 1013 2019 δύναμιν
1041 1939 1120 2021 σύμ-

103 2066 225 2128 μετρον
239 2042 440 2128 ἐξησθένησε
454 2054 523 2121 τοῖς
537 2050 717 2128 λογισμοίς,
736 2044 837 2109 οὐδὲν
851 2055 919 2109 τῶν
932 2045 1121 2128 γενομένων

103 2151 179 2235 περὶ
201 2152 387 2216 Διονύσιον
414 2153 475 2217 τὸν
501 2152 670 2236 τύραννον
694 2153 864 2235 μνησθείς.
908 2151 1030 2216 τούτου
1057 2153 1156 2237 γάρε

104 2279 183 2322 ποτε
224 2258 491 2343 συνδιωχθέντος
533 2260 580 2336 είς
620 2261 814 2344 περίστασιν
850 2258 1122 2341 ὁμολογουμένως

61 2386 86 2426 εο
105 2363 362 2450 ἀπεγνωσμένην
388 2366 444 2430 καὶ
472 2367 527 2430 διὰ
556 2367 593 2431 τὸ
623 2365 766 2450 μέγεθος
795 2375 862 2430 τῶν
888 2363 1122 2450 ἐπηρτημένων

104 2472 273 2537 κινδύνων
300 2472 542 2550 ἀπελπίσαντος
568 2473 629 2554 μὲν
651 2474 692 2537 τὰ
719 2474 801 2538 κατδι
827 2474 889 2557 την
911 2473 1121 2555 δυναστείαν,

105 2577 281 2657 μέλλοντος
313 2578 345 2642 δ’
371 2576 408 2643 ἐκ
439 2590 506 2644 τῶν
535 2583 788 2663 Συρακουσσῶν
819 2576 1007 2656 ἐξιππεύειν
1039 2580 1122 2664 πρὸς

105 2682 259 2750 ἐκούσιον
291 2687 404 2769 φυγὴν
428 2683 570 2767 Ἕλωρις
600 2685 618 2751 δ
651 2686 876 2769 πρεσβύτατος
911 2697 979 2751 τῶν
1013 2688 1122 2772 φίλων

106 2789 341 2873 ἐπιλαβόμενος
372 2801 430 2876 τῆς
462 2792 565 2880 ὁρμης
595 2792 811 2874 «Διονύσιε»,
849 2794 963 2876 φησίν,
997 2797 1122 2859 «καλὸν

61 2918 87 2958 ιε
105 2896 265 2982 ἐντάφιον
290 2899 310 2982 ἡ
339 2900 523 2980 τυραννίς.»
570 2902 805 2983 παραπλησίως
832 2899 870 2964 δὶ
896 2901 1001 2986 τούτῳ
1024 2899 1080 2964 καὶ
1103 2899 1155 2965 δε

104 3006 263 3089 κηδεστὴς
285 3010 464 3091 Μεγακλῆς
487 3005 678 3091 ἀπεφήνατο
702 3005 784 3089 πρὸς
808 3006 922 3088 αὐτόν,
945 3006 1048 3070 εἰπὼν
1071 3006 1121 3071 ὅτι

105 3112 157 3176 δελ
183 3113 243 3178 τὸν
266 3111 302 3178 ἐκ
328 3113 528 3197 τυραννίδος
556 3112 755 3177 ἐκπίπτοντα
782 3121 841 3176 τοῦ
871 3110 1008 3187 σκέλους
1031 3109 1120 3176 έλκό-

177 3272 194 3326 8
212 3268 386 3339 Κεφαλοίδιν
404 3270 467 3335 ΒΧ;
487 3271 521 3324 cf.
541 3268 591 3322 XX
610 3274 653 3334 56,
668 3275 693 3324 3.
747 3270 783 3324 10
801 3268 1026 3330 ύποστατικῶςδ
1045 3274 1070 3322 2.
1084 3287 1119 3322 m.

106 3343 139 3397 11
158 3340 291 3433 μηδέποτ’
308 3338 395 3396 αύτδν
413 3340 470 3396 RX.
544 3341 579 3395 12
597 3342 742 3403 δειλωθεὶς
759 3342 785 3394 R
808 3339 973 3410 (δουλωθεὶς
992 3346 1016 3393 2.
1031 3343 1078 3408 m.)
1097 3339 1121 3391 X

106 3417 246 3476 δειλιασας
264 3413 294 3467 F.
348 3412 384 3467 13
401 3413 518 3474 πολλοὺς
537 3429 589 3466 om.
608 3414 639 3477 F,
658 3413 749 3481 suppl.
768 3419 792 3467 2.
807 3430 844 3466 m.
899 3411 934 3465 23
946 3408 1136 3472 ''Ekmzssx

106 3486 141 3540 cf.
160 3484 224 3539 XIV
239 3490 264 3552 8,
279 3491 303 3540 ό.
364 3483 400 3538 26
418 3485 583 3558 Μεγακλῆς]
600 3485 686 3540 &kim
702 3483 765 3538 m
783 3489 864 3548 ww„
879 3471 1157 3531 &Nm-&m

106 3556 339 3625 G.s,11p,430‚
415 3556 450 3615 27
472 3556 503 3614 ἐκ
523 3563 574 3630 τῆς
593 3559 673 3616 πθ.
