2460 3848
77 211 114 265 IV
455 206 718 262 ARGUMENTUM

78 301 132 349 Gar·
166 341 168 347 .

78 377 119 424 11.
149 368 295 438 Olympias
313 368 344 423 in
361 367 558 422 Macedoniam
574 367 663 423 redux
678 371 706 423 et
719 367 883 438 Philippum
898 370 926 422 et
940 368 1099 436 Eurydicen

183 449 243 503 vita
265 448 359 518 privat
382 451 412 503 et
433 447 616 515 Nicanorem,
636 447 773 503 casandri
791 449 920 516 fratrem,
939 447 1099 516 multosque

185 528 269 584 simul
288 528 347 582 eius
367 527 480 584 amicos.

77 616 120 664 12.
149 610 205 664 Res
215 608 324 663 inAsia
333 610 439 678 gestae.
458 607 598 664 Eumenes
611 607 731 663 hiberna
744 610 821 678 apud
830 607 916 663 Caras
925 607 1099 677 Babyloniae

183 688 298 757 habuit,
316 687 367 742 ubi
380 688 485 742 Pithon
499 691 529 743 et
544 687 676 743 Seleucus
692 688 719 744 ei
732 689 853 742 maxime
868 687 1098 743 adversabantur.

183 768 315 822 Maximis
334 769 446 822 insidiis
465 768 603 824 Eumenes
623 769 660 823 ad
678 767 778 839 Tigrin
796 769 1009 823 circumventus.

77 855 118 905 13.
149 849 275 903 Tandem
285 849 384 919 Tigrin
393 852 583 918 transgressus
598 851 627 903 et
640 848 671 903 in
680 847 830 902 Susianam
840 848 951 904 delatus
961 850 1099 904 Eumenes

83 963 86 966 >
184 929 359 998 superiorum
377 928 585 998 provinciarum
605 929 734 997 satrapas
752 927 783 982 in
802 928 938 982 auxilium
956 932 1046 984 vocat.

78 1016 119 1064 14.
149 1009 287 1079 Satrapae
311 1008 397 1064 Asiae
425 1009 577 1078 superioris
604 1011 666 1063 tum
690 1007 812 1062 maxime
837 1009 975 1064 exercitus
1001 1013 1099 1064 contra

183 1089 332 1144 PIthonem
348 1092 461 1144 coactos
475 1088 627 1144 habebant.
659 1088 804 1142 Summum
818 1088 967 1158 imperium
982 1089 1100 1159 gerebat

182 1169 344 1237 Peucestes,
363 1169 487 1224 Persidis
506 1171 630 1238 satrapa.
658 1168 809 1222 Adduntur
823 1169 968 1236 copiarum
981 1171 1098 1224 numeri.

78 1255 119 1305 15.
149 1247 273 1303 (iunctae
301 1251 482 1318 satraparum·
503 1250 602 1318 copiae
630 1267 694 1304 cum
716 1248 747 1302 in
772 1247 892 1302 Susiana
917 1249 1099 1304 Eumenianis

184 1345 213 1382 se
241 1329 410 1397 iunxissent,
436 1329 469 1383 fit
493 1330 636 1384 eontentio
662 1329 698 1383 de
723 1345 830 1383 summo
855 1328 988 1398 imperia,
1014 1347 1099 1399 quam

184 1410 402 1464 controversiam
420 1410 558 1464 Eumenes
581 1409 697 1464 diremit
718 1407 760 1462 ita
782 1410 815 1462 ut
833 1425 977 1466 consessus
996 1409 1099 1464 ducum

185 1488 222 1543 ad
241 1487 343 1543 solium
357 1489 524 1556 Alexandri,
544 1506 627 1558 quem
645 1489 723 1544 velut
741 1490 918 1556 praesentem
934 1506 1099 1545 veneraren-
1160 1552 1161 1556 η

183 1571 231 1624 tur
240 1569 286 1638 (cf.
296 1567 388 1623 XVIII
399 1575 441 1637 60,
449 1575 487 1637 4),
501 1568 646 1623 habendos
661 1571 838 1638 proponeret.
866 1569 995 1624 Iunctum
1010 1572 1100 1624 satra-

183 1665 285 1719 parum
295 1665 398 1720 agmen
407 1649 694 1720 Antigonumabello
702 1649 822 1703 Eumeni
831 1649 978 1704 inferendo
988 1651 1098 1704 avertit.

77 1737 119 1785 16.
147 1730 262 1784 Attalus
287 1730 430 1798 ceterique
456 1730 561 1798 captivi
587 1729 633 1800 (cf.
652 1728 744 1783 XVIII
766 1731 811 1798 45)
833 1745 848 1784 e
871 1730 1000 1784 custodia
1023 1730 1100 1785 elabi

80 1876 83 1881 g
184 1811 335 1876 conantur;
359 1809 408 1864 sed
432 1810 614 1864 circumventi
632 1825 727 1862 rursus
746 1809 775 1862 in
795 1809 953 1864 custodiam
972 1810 1098 1865 redeunt:

418 1951 460 2006 01.
477 1957 562 2020 irai
576 1957 645 2006 :316
660 1967 686 2006 a.
701 1950 763 2005 chr.

77 2048 119 2096 17.
148 2040 308 2110 Antigonus
334 2040 407 2094 inita
431 2041 567 2095 societate
590 2057 654 2094 cum
678 2039 793 2094 Seleuco
818 2042 846 2094 et
867 2040 988 2096 Pithone
1006 2045 1101 2096 movet

183 2120 214 2174 in
238 2120 405 2187 Eumenem,
431 2121 479 2174 hic
504 2124 598 2175 autem
625 2120 662 2174 ad
685 2120 784 2190 Tigrin
809 2121 931 2174 occurrit
953 2122 1100 2190 totamque

184 2200 307 2255 fluminis
321 2201 413 2269 ripam
427 2200 577 2270 praesidiis
592 2201 694 2267 firmat,
705 2200 829 2270 acceptis
842 2200 963 2255 ePersia
977 2202 1098 2256 auxiliis.

183 2280 332 2335 Persarum
355 2280 449 2334 nuntii
473 2279 576 2334 celeres
599 2281 630 2334 iu
651 2281 772 2349 speculis
792 2280 923 2334 collocati
942 2280 1033 2335 obiter
1052 2283 1100 2336 de·

185 2359 353 2414 scribuntur.

79 2447 120 2497 18.
148 2441 308 2510 Antigonus
332 2440 404 2494 Susa
426 2441 566 2510 pervenit3
592 2441 659 2496 inde
683 2457 848 2505 aerumnoso
870 2441 972 2496 itinere
993 2442 1030 2495 ad
1049 2441 1099 2497 Oo-

184 2522 286 2591 praten
313 2519 340 2573 fl.
368 2536 532 2590 progressus
563 2521 668 2590 partim
700 2522 814 2575 navium
846 2522 965 2590 penuria
994 2523 1100 2591 pa1tim

185 2600 422 2654 Eumenianorum
447 2600 557 2669 impetu
581 2601 611 2654 in
636 2618 775 2654 summum
798 2602 917 2656 incurrit
940 2601 1099 2657 discrimen.

79 2686 120 2736 19.
149 2681 309 2750 Antigonus
334 2696 385 2748 per
410 2679 528 2734 infestas
551 2679 733 2735 Cossaeorum
756 2683 845 2736 terras
864 2697 928 2734 cum
946 2681 1101 2751 multiplici

186 2760 267 2814 clade
286 2760 317 2813 in
336 2760 460 2815 Mediam
478 2760 534 2815 iter
551 2759 647 2816 flectit.

78 2847 120 2896 20.
149 2841 308 2910 Antigonus
327 2840 358 2893 in
375 2840 471 2894 Media
492 2842 645 2895 exercitum
666 2840 702 2895 ab
722 2841 862 2896 aerumnis
880 2844 990 2896 recreat
1008 2843 1100 2897 novis·

186 2937 240 2989 que
258 2918 397 2973 militibus
417 2922 509 2990 auget.

78 3007 120 3055 21.
150 2999 269 3069 Cognito
288 2999 425 3070 Antigoni
442 2999 473 3053 in
491 3000 615 3054 Mediam
639 3001 761 3055 adventu
782 3003 898 3069 ortoque
917 3001 991 3055 inter
1009 3004 1100 3058 socios

186 3080 303 3134 dissidio
331 3079 470 3134 Eumenes
496 3080 534 3134 ad
561 3082 696 3135 tutandas
723 3081 879 3150 superiores
905 3083 1044 3150 satrapias
1069 3085 1100 3138 in

185 3160 311 3214 Persiam
330 3176 359 3213 se
379 3161 523 3215 convertit.

79 3247 122 3295 22.
150 3241 312 3304 Peucestes,
331 3240 454 3294 Persidis
473 3243 601 3310 satrapa,
620 3241 773 3295 exercitum
790 3242 927 3296 sociorum
941 3245 1099 3313 magnificis

187 3320 278 3389 epulis
302 3320 407 3389 excipit
423 3320 639 3389 Alexandroque
663 3323 692 3374 et
713 3321 845 3391 Philippo
864 3325 897 3377 ut
915 3323 969 3376 diis
988 3339 1099 3379 sacrum

181 3400 321 3466 instituit,
339 3400 531 3469 principatum
552 3401 660 3455 scilicet
679 3401 822 3456 affectans.

52 3476 98 3523 23.
128 3475 294 3533 Peucestes
322 3480 493 3551 superbiam
521 3481 663 3538 Eumenes
693 3483 768 3537 lictis
800 3483 835 3536 de
864 3487 1033 3552 recuperato
1062 3487 1099 3540 ab

157 3553 341 3627 Olympiade
360 3580 454 3636 regno
475 3564 646 3623 rumoribus
664 3564 806 3636 reprimit.
