2460 3848
131 188 197 253 324
456 184 569 239 Diodor.
579 182 630 236 xx
646 189 803 238 104-107.

130 353 230 413 μενος
257 329 445 418 ὁρμητηρίῳ
472 329 579 417 τούτφ
607 340 652 414 τῷ
679 331 769 418 τόπφ
792 332 982 415 χρησασθαι
1004 330 1059 394 καί
1081 339 1152 407 τοῖς

53 436 116 501 105
130 437 207 523 περί
230 438 292 522 την
306 435 450 502 Ἑλλάδα
472 436 662 521 πράγμασιν
681 434 883 521 ἐφεδρεύειν.
926 436 1012 501 εὐθὺ
1037 436 1075 501 δὲ
1097 437 1153 502 καί

132 547 317 629 πρεσβειῶν
340 545 424 628 πρὸς
446 543 550 608 αὐτὸν
572 542 851 629 παραγενομένων
873 542 963 626 παρά
984 565 1020 607 τε
1038 547 1153 627 Δημη-

131 652 226 735 τρίου
249 659 310 717 τοῦ
333 655 553 735 πολιορκητοῦ
576 649 632 715 καί
650 648 854 736 Κασάνδρου
873 650 950 735 περὶ
968 652 1153 734 συμμαχίας

130 757 260 823 τούτων
277 757 339 841 μὲν
363 756 526 843 οὐδετέρῳ
550 755 746 841 προσέθετο,
769 759 848 832 τοὺς
866 755 904 821 δὲ
928 758 1154 841 Ταραντίνους
1186 775 1198 817 ι

131 865 276 930 καὶτῶν
299 865 410 928 ἀλλων
432 864 525 939 τινάς
548 865 741 946 πυθόμενος
764 861 985 947 ἀφεστηκέναι
1011 872 1069 946 τῆς
1091 863 1153 946 μὲν

131 971 309 1056 Κορκύρας
331 971 394 1053 τὴν
418 970 535 1054 ἱκανὴν
558 972 713 1054 φυλακην
735 968 905 1052 ἀπέλιπεν,
932 970 1012 1051 μετὰ
1035 969 1074 1035 δὲ
1095 981 1154 1054 τῆς

132 1076 233 1159 ἀλλης
256 1076 429 1159 δυνάμεως
451 1074 543 1142 ἔπλει
565 1078 648 1142 κατὰ
671 1076 824 1160 σπουδὴν
847 1074 901 1141 ἐπὶ
923 1076 985 1161 την
1000 1076 1152 1161 Ἰταλίαν,

132 1183 176 1259 ὡς
198 1181 350 1248 κολάσων
368 1185 448 1261 τοὺς
471 1183 703 1260 ἀπειθοῦντας.
740 1183 917 1268 προσσχὼν
938 1182 976 1247 δέ
998 1191 1038 1268 τῇ
1061 1184 1154 1270 χώρα

131 1289 211 1355 καθ’
228 1289 269 1355 ὃν
289 1292 393 1355 τόπον
416 1287 609 1373 ἐφύλασσον
632 1292 665 1356 οί
687 1290 865 1376 βάρβαροι,
887 1289 950 1374 την
971 1289 1033 1372 μὲν
1053 1291 1153 1355 πόλιν
1173 1311 1198 1350 ω

131 1394 217 1461 ἑλὼν
253 1394 572 1482 ἐξηνδραποδίσατο,
608 1399 670 1482 την
706 1396 744 1462 δέ
778 1398 891 1482 χώραν
927 1393 1152 1480 ἐλεηλάτησεν.

96 1520 111 1566 2
132 1501 253 1584 ὁμοίως
279 1503 318 1568 δέ
344 1504 382 1569 τὸ
407 1504 614 1585 καλούμενον
642 1505 801 1587 Τριόπιον
824 1501 1083 1587 ἐκπολιορκήσας
1106 1504 1154 1580 είς

131 1611 335 1696 τρισχιλίους
362 1607 481 1692 ἔλαβεν
510 1610 744 1695 αἰχμαλώτους.
789 1608 867 1674 καθ’
889 1608 930 1674 ὃν
957 1609 998 1693 δὴ
1028 1611 1153 1694 χρόνον

132 1717 165 1781 οί
180 1716 242 1798 μὲν
258 1716 322 1781 ἀπὸ
340 1727 399 1800 τῆς
416 1717 525 1800 χώρας
543 1717 707 1803 βάρβαροι
726 1717 974 1801 συνδραμόντες
992 1714 1152 1781 ἐπέθεντο

131 1823 252 1900 νυκτὸς
278 1831 318 1908 τῇ
347 1824 585 1910 στρατοπεδεία
611 1824 667 1887 καὶ
689 1823 793 1907 μάχης
815 1821 995 1907 γενομένης
1018 1822 1153 1888 ἀνείλον
1172 1843 1199 1884 ω

130 1940 199 1995 τῶν
221 1931 303 2012 μετά
320 1931 527 2012 Κλεωνύμου
550 1931 687 2006 πλείους
709 1940 776 1995 τῶν
799 1930 990 2012 διακοσίων,
1013 1927 1153 2013 ἐζωγρη-

97 2055 112 2101 3
133 2052 196 2101 σαν
214 2036 253 2101 δέ
270 2037 347 2122 περὶ
364 2039 500 2121 χιλίους.
535 2037 601 2118 άμα
619 2035 657 2101 δὲ
675 2047 721 2122 τῷ
739 2036 887 2123 κινδύνφ
905 2037 1012 2122 τούτφ
1030 2037 1153 2120 χειμὼν

131 2141 365 2227 ἐπιγενόμενος
410 2143 515 2208 είκοσι
559 2154 627 2209 τῶν
668 2153 755 2208 νεῶν
796 2141 969 2227 διέφθειρε
1010 2145 1153 2227 πλησίον

132 2250 309 2335 ὁρμουσῶν
340 2258 398 2334 τῆς
429 2253 647 2334 παρεμβολῆς.
698 2248 715 2315 ὁ
749 2250 786 2315 δὲ
818 2250 1020 2331 Κλεώνυμος
1053 2250 1153 2316 δυσίν

132 2355 335 2440 ἐλαττώμασι
352 2358 559 2440 τηλικούτοις
577 2357 765 2448 περιπεσὼν
784 2356 969 2421 ἀπέπλευσε
992 2357 1073 2438 μετά
1095 2367 1153 2440 τῆς
1172 2378 1200 2418 εο

132 2463 304 2546 δυνάμεως
327 2464 374 2539 είς
395 2465 457 2547 την
480 2459 671 2549 Κόρκυραν.

54 2569 117 2633 106
208 2576 275 2635 Τοῦ
306 2566 336 2633 δ’
364 2567 535 2634 ἐνιαυσίου
568 2572 692 2655 χρόνου
725 2570 964 2654 διεληλυθότος
993 2571 1154 2655 Ἀθήνησι

132 2676 194 2759 μὲν
224 2673 267 2760 ἦν
299 2677 411 2760 άρχων
441 2680 625 2760 Νικοκλῆς,
661 2675 699 2742 ἐν
727 2675 830 2766 Ῥώμη
863 2676 900 2742 δὲ
931 2679 993 2760 τὴν
1025 2676 1153 2742 ύπατον

133 2783 238 2869 ἀρχὴν
261 2780 448 2860 διεδέξαντο
468 2783 608 2868 Μάρκος
623 2785 741 2866 Λίβιος
763 2784 819 2849 καλ
837 2784 978 2868 Μάρκος
990 2785 1154 2866 Αἰμίλιος.

132 2888 187 2956 ἐπί
206 2890 244 2955 δέ
260 2890 389 2955 τούτων
407 2889 607 2976 Κάσανδρος
625 2888 642 2954 ὁ
662 2891 872 2955 Μακεδόνων
889 2893 1046 2973 βασιλεὺς
1065 2890 1154 2977 δρῦν
1174 2912 1202 2953 ει

132 2998 194 3080 τὴν
222 2997 366 3079 δύναμιν
393 3007 461 3062 τῶν
484 2994 654 3081 Ἑλλήνων
677 2995 863 3081 αὐξομένην
885 2998 941 3063 καί
964 2998 1072 3063 πάντα
1093 2998 1154 3063 τὸν

204 3154 220 3207 l
235 3158 273 3227 τῷ
282 3150 358 3226 τύπφ
374 3170 427 3209 om.
438 3152 500 3220 RX3
515 3155 603 3226 τούτφ
617 3154 778 3224 χρήσασθαι
789 3159 827 3228 τῷ
836 3152 912 3228 τόπῳ
922 3156 952 3208 F.
994 3155 1113 3215 Τεῦῦῦς
1122 3155 1153 3209 Τ.

133 3225 168 3280 10
189 3224 285 3298 <οίικ>
304 3225 461 3294 ἐφύλασσον
485 3225 569 3292 Sint.;
596 3225 749 3294 ἐφύλαττον
775 3226 858 3280 Dind.
912 3227 963 3297 τὴν
983 3226 1034 3296 μὲν
1058 3222 1152 3298 πόλιν]

133 3297 235 3351 nom'en
253 3297 389 3351 excidisse
407 3297 520 3350 videtur
538 3298 555 3366 (³
562 3298 612 3350 aut
629 3315 654 3350 v.
670 3301 685 3350 5
705 3295 898 3365 Ταραντίνους
916 3299 1078 3367 comptum
1097 3299 1154 3350 σοι’

124 3368 241 3436 Βίωδ.);
275 3368 408 3422 ‘Thurias
435 3367 534 3422 urbem
566 3368 597 3422 in
629 3367 781 3424 salentinis
808 3370 897 3436 oepit’
929 3368 988 3424 Liv.
1012 3367 1039 3420 X
1060 3373 1089 3434 23
1118 3368 1154 3428 cf.

111 3435 246 3505 Droysen
266 3439 336 3509 1.1.;
362 3439 452 3497 Niese
475 3440 489 3495 Ι
511 3458 541 3512 p.
560 3444 613 3496 480
636 3455 663 3496 ε.
682 3447 707 3495 1.
779 3441 813 3494 11
836 3439 1099 3508 ἐξηνδραποδήσατο
1123 3440 1153 3496 F.

97 3504 141 3555 12
170 3507 319 3576 Τριόπιον
347 3513 410 3586 ign.
496 3514 536 3572 16
561 3510 752 3585 τετρακοσίων
774 3512 810 3567 Y.
884 3510 924 3565 22
944 3508 1105 3570 διελθόντος
1123 3512 1157 3567 Τ,

68 3571 126 3688 1324
144 3578 307 3666 διεάίξατο
327 3586 362 3645 Τ.
408 3587 519 3664 Λίβιος
540 3588 643 3658 eodd.3
662 3587 702 3645 ef.
717 3581 855 3639 mm
869 3585 957 3647 xm,
998 3577 1175 3646 Αὶμῦιοςῖ.

95 3645 283 3710 -Aemzlms
305 3675 357 3731 ep.
375 3661 446 3724 Βία,
