2460 3848
121 207 189 273 304
488 204 774 260 Diodor.XX91.92.

86 354 204 433 4βανε
227 353 367 435 κίνησιν.
404 349 441 416 ἐκ
464 350 502 415 δέ
523 361 590 415 τῶν
612 361 746 434 γωνιῶν
768 349 919 435 ὑπῆρχον
941 353 1051 426 κίονες
1074 350 1141 415 ἴσοι

121 467 166 546 τῶ
194 462 303 543 μῆκει,
330 460 438 543 βραχὺ
462 459 630 534 λείποντες
652 468 720 523 τῶν
743 456 861 523 ἑκατὸν
882 468 1008 541 πηχῶν,
1036 457 1141 534 οὕτως

122 566 379 641 συννενευκότες
406 565 453 640 είς
476 563 639 648 ἀλλήλους
662 564 706 640 ὡς
728 573 789 629 τοῦ
811 565 936 640 παντὸς
958 580 1194 631 κατασκευ-ιικ

122 671 265 753 άσματος
294 671 391 748 όντος
420 661 638 754 ἐννεαστέγου
669 671 731 754 τῆν
760 671 822 753 μὲν
853 672 988 756 πρώτην
1021 669 1142 754 στέγην

122 777 283 862 ὑπάρχειν
302 777 448 842 ἀκαινῶν
466 778 711 863 τεσσαράκοντα
728 789 841 861 τριῶν,
861 780 923 863 τῆν
942 776 972 842 δ’
985 777 1140 842 ἀνωτάτω
1173 798 1186 839 τ

88 905 104 951 σ
122 883 227 950 ἐννέα.
268 884 326 960 τάς
345 884 382 948 δέ
404 893 492 969 τρεῖς
511 882 727 969 <ἐπιφανείς>
746 885 892 969 πλευράς
914 895 971 967 τῆς
994 894 1141 969 μηχανῆς

122 988 249 1068 ἔξωθεν
267 990 476 1069 συνεκάλυψε
499 993 608 1057 λεπίσι
631 992 782 1076 σιδηραῖς
799 990 1062 1075 καθηλωμέναις,
1085 991 1141 1056 ἵνα

23 1100 28 1109 ’
122 1097 226 1181 μηδὲν
244 1096 310 1162 ὑπὸ
329 1107 396 1162 τῶν
412 1099 598 1183 πυρφόρων
614 1097 804 1182 βλάπτηται.
841 1098 987 1182 θυρίδας
1005 1094 1036 1162 δ’
1050 1091 1141 1182 εἶχον

123 1204 157 1268 αλ
181 1202 293 1287 στέγαι
315 1204 396 1269 κατά
418 1206 610 1287 πρόσωπον,
633 1213 702 1280 τοῖς
724 1204 881 1288 μεγέθεσι
903 1204 958 1270 καί
977 1215 1047 1282 τοῖς
1065 1209 1141 1289 σχῆ-

122 1327 203 1394 μασι
239 1312 321 1394 πρὸς
357 1311 415 1387 τάς
453 1311 617 1396 ἰδιότητας
652 1320 720 1375 τῶν
753 1313 943 1393 μελλόντων
979 1311 1142 1396 ἀφίεσθαι
1161 1334 1187 1373 ιο

90 1421 231 1501 σβελῶν
263 1417 475 1503 ἁρμοζούσας.
531 1412 628 1482 αὗται
664 1417 702 1482 δέ
734 1411 825 1506 εἶχον
856 1419 1050 1500 καλύμματα
1086 1419 1142 1484 διά

123 1534 269 1608 μηχανῆς
292 1523 527 1606 ἀνασπώμενα,
557 1521 601 1588 δι’
619 1518 668 1588 ὧν
691 1523 876 1609 ἀσφάλειαν
898 1523 1086 1607 ἐλάμβανον
1109 1527 1142 1591 ολ

123 1633 205 1696 κατά
236 1632 295 1708 τάς
326 1629 443 1714 στέγας
473 1630 551 1714 περί
581 1632 643 1715 τῆν
674 1632 797 1717 ἀφεσιν
827 1642 896 1698 τῶν
925 1634 1032 1714 βελῶν
1063 1630 1142 1696 ἀνα-

124 1740 355 1823 στρεφόμενοι·
378 1734 465 1822 ἦσαν
483 1737 544 1819 μὲν
567 1739 629 1823 γάρ
653 1736 689 1804 ἐκ
712 1742 849 1823 βυρσῶν
867 1737 1141 1823 περιερραμμένα,

123 1848 231 1929 πλῆρη
255 1843 293 1908 δέ
315 1842 426 1929 ἐρίων,
449 1846 496 1922 είς
518 1845 556 1910 τὸ
580 1853 619 1931 τῆ
643 1849 752 1930 πληγῆ
773 1843 943 1908 ἐνδιδόναι
960 1853 1028 1909 τῶν
1047 1847 1141 1908 λυθο-
1161 1864 1186 1904 ιε

90 1953 243 2034 ιβόλων.
298 1950 416 2035 ἑκάστη
454 1951 492 2017 δέ
528 1963 595 2017 τῶν
628 1961 753 2035 στεγῶν
785 1944 851 2035 εἶχε
888 1950 951 2016 δύο
983 1953 1142 2033 κλίμακας

124 2061 288 2142 πλατείας,
312 2053 360 2123 ὧν
378 2067 418 2144 τῆ
441 2059 503 2140 μὲν
522 2060 606 2142 πρὸς
628 2059 690 2142 τῆν
713 2057 918 2143 ἀνακομιδὴν
940 2069 1008 2123 τῶν
1031 2061 1144 2144 χρησί-

124 2190 206 2248 μων,
242 2174 281 2250 τῆ
319 2165 357 2230 δέ
392 2166 476 2250 πρὸς
508 2167 570 2248 τῆν
601 2164 783 2246 κατάβασιν
814 2163 959 2252 ἐχρῶντο
991 2167 1074 2252 πρὸς
1106 2167 1143 2230 τὸ

124 2272 224 2357 χωρίς
255 2273 409 2356 θορύβου
440 2280 507 2335 πᾶν
535 2271 782 2355 ὑπηρετείσθαι.
835 2273 868 2338 ολ
900 2272 938 2337 δέ
969 2271 1144 2354 μέλλοντες

124 2382 274 2463 κινήσειν
296 2381 357 2465 τῆν
379 2379 530 2462 μηχανῆν
552 2375 773 2461 ἐξελέχθησαν
795 2376 829 2455 ἐξ
853 2378 980 2462 ἁπάσης
1004 2388 1062 2462 τῆς
1085 2379 1143 2443 δυ·
1161 2398 1188 2438 εο

125 2485 252 2568 νάμεως
279 2487 312 2551 ολ
339 2495 410 2561 ταῖς
438 2485 561 2570 ῥώμαις
588 2483 804 2568 διαφέροντες
826 2484 947 2568 ἀνδρες
968 2487 1144 2570 τρισχίλιοι

91 2613 106 2661 8
125 2594 181 2657 καί
198 2595 415 2676 τετρακόσιοι·
438 2590 566 2656 τούτων
585 2587 615 2655 δ’
630 2592 662 2655 ολ
684 2591 746 2673 μὲν
764 2589 858 2667 ἐντὸς
881 2590 1143 2676 ἀποληφθέντες,

127 2701 159 2765 ολ
182 2700 213 2763 δ’
231 2697 267 2764 ἐκ
290 2708 357 2764 τῶν
380 2698 523 2763 ’όπισθεν
541 2709 651 2783 μερῶν
673 2697 911 2782 παριστάμενοι
933 2699 1143 2782 προεώθουν,

127 2809 232 2872 πολλά
259 2816 317 2889 τῆς
340 2804 457 2890 τέχνης
479 2805 707 2891 συνεργούσης
729 2806 776 2881 εἰς
798 2805 861 2887 τῆν
882 2805 1023 2888 κίνησιν.
1068 2828 1144 2871 κατ-

127 2914 283 2986 εσκεύασε
312 2912 349 2977 δέ
375 2912 431 2976 καὶ
457 2912 603 2996 χελώνας
628 2912 686 2988 τάς
712 2910 774 2994 μέν
796 2911 995 2995 χωστρίδας,
1021 2912 1080 2988 τάς
1107 2911 1144 2976 δέ
1162 2930 1188 2971 τε

198 3143 214 3196 l
238 3139 331 3204 κίονες
354 3159 407 3196 om.
426 3141 452 3194 R
477 3141 517 3208 (in
539 3156 627 3210 marg.
648 3146 672 3194 2.
687 3157 723 3194 m.
743 3137 835 3201 κίονες
858 3134 937 3208 οἶμαι
959 3140 1027 3206 ξύλα
1048 3139 1144 3206 τετρά-

127 3233 216 3283 γωνα;
235 3214 311 3267 idem
328 3212 430 3282 Rhod.)
449 3210 509 3278 XF3
529 3211 600 3266 ἀστοί
618 3210 711 3266 Madv.
726 3210 739 3265 Ι
756 3228 783 3279 p.
799 3215 859 3264 516.
933 3209 1040 3266 ἀράτω
1059 3210 1143 3266 Dind.

126 3282 357 3348 3συνενευιιότες
373 3283 406 3339 X.
453 3281 521 3337 ὥστε
539 3283 569 3336 F.
637 3282 799 3337 ὅάκαιυῶν
818 3282 930 3352 scripsi3
949 3284 1052 3336 κλινῶν
1070 3280 1144 3336 libri.

126 3356 331 3423 τετταράκοντα
358 3356 388 3409 F.
470 3353 487 3407 6
515 3354 705 3427 <ἐπιφανεῑς>
736 3352 801 3407 add.
834 3369 868 3407 ex
898 3352 957 3406 Pol.
981 3352 1045 3406 VIII
1072 3359 1098 3419 4,
1120 3358 1143 3406 8.

118 3428 296 3495 7σηδηραῖς
312 3429 343 3482 F.
400 3426 436 3482 15
453 3425 505 3496 τὴν
524 3426 631 3496 πληγὴν
650 3425 744 3490 οοάδ.;
764 3441 832 3479 corr.
847 3423 930 3477 Dind.
986 3424 1022 3478 22
1039 3424 1145 3479 τούτων

101 3495 137 3576 ql
151 3495 187 3550 δ’
200 3499 305 3568 οἱμὲν
321 3499 355 3556 X.
398 3495 626 3570 ἀπολειφθέντες
642 3497 676 3554 F.
734 3495 772 3550 ‘m
791 3494 892 3550 ὄπισθε
905 3495 943 3548 K.
977 3497 1145 3562 προεώθουν

84 3562 175 3634 Idm}
196 3587 271 3626 com
293 3573 388 3632 Wess.
