2460 3848
436 183 776 252 ffimssmwm
1052 191 1113 256 m

95 334 375 416 πολιορκήσαντες
397 332 445 407 είς
470 328 673 413 αὐτονομίαν
701 330 969 417 ἀποκατέστησαν
996 334 1034 398 τὸ
1056 354 1116 399 πο-

53 467 54 470 *
95 439 241 520 λίτευμα.
296 438 373 524 περὶ
408 446 512 503 ταῦτα
555 437 585 502 δ’
621 439 729 503 όντων
765 439 893 504 τούτων
928 441 1151 524 ᾉντίγονοςο

100 545 258 631 Τράλλεις
290 543 575 630 ἐξεπολιόρκησεν·
611 545 660 622 είς
695 545 733 610 δέ
765 550 904 611 Καῦνον
936 548 1117 632 παρελθὼν

95 653 151 718 καί
177 653 237 717 τὸν
270 649 391 718 στόλον
418 652 710 734 μεταπεμψάμενος
737 643 804 718 είλε
830 653 886 718 καί
908 653 1033 738 ταύτην
1056 655 1117 737 τήν

64 759 194 825 ιπόλιν
230 761 319 845 πλήν
355 769 414 844 τῆς
450 759 563 844 ἀκρας·
602 758 726 844 ταύτην
763 759 801 825 δέ
836 761 1117 847 περιχαρακώσας,

94 863 174 932 καθ’
202 865 219 931 ὃ
253 865 353 950 μέρος
383 864 427 950 ῆν
453 866 719 951 προσμάχεσθαι,
752 877 902 952 συνεχεῖς
928 870 1119 954 προσβολὰς

95 971 246 1039 ἐποιεῖτο.
293 971 347 1038 ἐπὶ
371 972 409 1038 δέ
431 973 493 1056 τήν
512 969 622 1039 Ἰασὸν
644 973 743 1038 πόλιν
766 971 970 1059 ἐκπεμφθείς
992 980 1119 1041 Πτολε-

94 1088 191 1161 μαίος
226 1081 307 1162 μετὰ
343 1080 515 1162 δυνάμεως
553 1080 666 1164 ἱκανῆς
702 1079 868 1163 ήνάγκασε
904 1081 1119 1167 προσθέσθαι

95 1195 165 1263 τοῖς
204 1186 281 1272 περί
314 1185 516 1270 Ἀντίγονον.
575 1181 672 1251 αὗται
708 1186 770 1268 μὲν
806 1180 870 1252 οὖν
901 1198 959 1273 τῆς
989 1191 1153 1275 Καρίαςσ

51 1313 77 1353 ιο
96 1287 193 1358 οὖσαι
216 1301 337 1359 τοῦτον
359 1294 419 1359 τὸν
441 1291 568 1379 τρόπον
589 1293 801 1376 ὑπετάγησαν
820 1290 1007 1382 Ἀντιγόνῳ.
1047 1298 1116 1379 μετ’

95 1399 210 1484 ὀλίγας
241 1399 272 1464 δ’
297 1399 420 1486 ἡμέρας
452 1398 623 1466 ἐλθόντων
655 1401 739 1486 πρὸς
770 1401 874 1492 αὐτὸν
905 1405 1119 1486 πρεσβευτῶν

95 1503 172 1592 παρ’
190 1507 354 1572 Αἰτωλῶν
380 1507 436 1572 καί
455 1511 612 1573 Βοιωτῶν
640 1508 724 1590 πρὸς
745 1506 807 1588 μέν
830 1508 970 1585 τούτους
992 1524 1119 1592 συμμα-

95 1614 172 1698 χίαν
195 1612 374 1697 συνέθετο,
397 1625 442 1700 τῆι
467 1614 504 1679 δέ
522 1614 711 1702 Κασάνδρῳ
735 1615 913 1680 συνελθὼν
932 1616 979 1693 είς
998 1612 1120 1700 λόγους

95 1719 179 1805 ὑπὲρ
203 1721 337 1806 εἰρήνης
364 1719 441 1805 περί
470 1720 530 1785 τὸν
549 1718 797 1806 Ἑλλήσποντον
819 1716 971 1806 ἀπῆλθεν
995 1724 1119 1807 ἀπρακ-

50 1846 76 1887 ιι
95 1849 166 1910 τος,
212 1826 253 1892 οὐ
300 1826 497 1909 δυναμένων
543 1827 654 1893 αὐτῶν
695 1828 849 1910 οὐθαμῶς
889 1841 1137 1915 συμφωνῆσαιμ

96 1934 212 2020 διόπερ
243 1933 261 1999 ὁ
292 1934 492 2020 Κάσανδρος
522 1933 691 2018 ἀπογνοὺς
719 1936 777 2012 τάς
806 1935 974 2013 διαλύσεις
998 1937 1118 2021 διέγνω

95 2051 163 2106 τῶν
193 2041 275 2107 κατά
304 2041 366 2124 τήν
385 2038 528 2107 Ἑλλάδα
556 2041 658 2106 πάλιν
686 2041 888 2127 πραγμάτων
911 2041 1119 2127 ἀντέχεσθαι.

96 2146 274 2226 ἀναζεύξας
303 2140 366 2212 οὖν
395 2149 476 2230 μετὰ
504 2147 681 2233 τριάκοντα
711 2159 798 2214 νεῶν
827 2150 875 2226 είς
898 2147 1014 2234 Ὠρεὸν
1044 2148 1153 2216 ἐπο-ἰ

99 2256 224 2340 λιόρκει
250 2256 313 2339 τήν
336 2257 443 2320 πόλιν.
481 2253 623 2341 ἐνεργῶς
646 2251 676 2319 δ’
695 2256 799 2320 αὐτοῦ
822 2259 1119 2341 ταῖςπροσβολαῑς

49 2382 77 2423 ιο
95 2360 269 2446 χρωμένου
291 2361 347 2427 καί
370 2370 430 2427 τοῦ
448 2364 650 2445 πολίσματος
667 2363 731 2446 ήδη
749 2363 832 2428 κατὰ
849 2362 969 2448 κράτος
987 2362 1119 2429 ἁλισκο-

97 2466 202 2550 μένου
225 2466 424 2553 παρεγένετο
448 2471 629 2553 βοηθήσων
652 2479 722 2546 τοῖς
741 2465 884 2555 Ὠρίταις
912 2472 1120 2556 Τελεσφόρος

95 2574 157 2657 μὲν
176 2573 212 2640 ἐκ
226 2579 492 2659 Πελοποννήσου
510 2578 591 2657 μετὰ
609 2587 696 2642 νεῶν
715 2575 819 2641 εἴκοσι
836 2576 891 2641 καί
908 2589 1119 2662 στρατιωτῶν

95 2682 222 2765 χιλίων,
254 2682 388 2766 Μήδιος
418 2681 449 2746 δ’
471 2679 508 2747 ἐκ
539 2692 597 2766 τῆς
625 2678 736 2760 Ἀσίας
765 2680 850 2767 ἔχων
879 2692 963 2761 ναῦς
992 2682 1118 2750 ἐκατόν.

39 2818 42 2824 ·
97 2781 191 2853 οὗτοι
232 2785 265 2852 δ’
296 2788 440 2874 ὁρῶντες
480 2786 692 2873 ἐφορμούσας
733 2801 778 2875 τῷ
820 2788 928 2873 λιμένι
964 2791 1022 2867 τάς
1058 2799 1154 2856 τοῦε

50 2915 76 2956 ει
97 2894 300 2980 Κασάνδρου
328 2903 411 2973 ναῦς
440 2903 508 2980 πῦρ
534 2893 656 2979 ἐνῆκαν
683 2896 739 2961 καί
768 2895 928 2982 τέσσαρας
958 2896 1020 2979 μὲν
1043 2920 1120 2961 κατ-

167 3050 185 3105 8
206 3051 338 3120 Τράλλεις
354 3072 383 3107 τε
402 3048 611 3121 ἐξεπολιόρκησε
631 3053 680 3108 καὶ
698 3052 739 3116 είς
752 3053 903 3108 Πεύκανον
921 3054 1073 3120 παρελθὼν
1088 3052 1118 3109 F.
1211 3033 1213 3038 ’

96 3121 132 3176 δε
151 3121 246 3178 Cauno
266 3124 301 3177 cf.
316 3122 367 3176 XX
381 3129 423 3191 27,
435 3129 464 3191 λς
483 3122 602 3178 Mueller
620 3125 658 3178 ad
675 3124 747 3178 Ptol.
762 3123 788 3178 V
803 3131 827 3192 2,
838 3130 862 3179 8.
928 3125 943 3178 7
959 3120 1052 3178 Ἰασὸν
1069 3123 1120 3177 RX

96 3194 143 3262 (of.
162 3194 233 3249 Ptol.
249 3193 275 3248 V
289 3200 314 3261 2,
330 3197 369 3265 7);
393 3203 448 3249 τῶν
468 3192 602 3249 ’ίασόνων
620 3195 650 3250 Κ.
723 3195 741 3250 8
758 3195 927 3266 ἠναγκάσθη
951 3194 1029 3261 libri;
1049 3212 1118 3250 corr.

95 3264 186 3319 Wess.
259 3265 295 3320 1⁰
315 3265 493 3336 ὑπετάγησαν
511 3274 611 3321 τοῦτον
629 3263 679 3321 τὸν
696 3263 802 3335 τρόπον
820 3266 850 3321 Τ.
924 3265 959 3320 18
983 3271 1120 3322 συνεισελ-

95 3337 160 3391 θὼν
173 3337 203 3391 F.
264 3336 299 3391 17
316 3336 402 3392 πάλιν
420 3340 485 3407 post
503 3337 673 3407 πραγμάτων
691 3340 824 3408 repetunt
837 3337 894 3392 ΒΧ.
953 3337 988 3393 18
1002 3336 1119 3404 Ὡραιδν

96 3403 1141 3480 Μααωηηωωωω.ωωωωψῶ

96 3497 159 3541 ταις
172 3485 197 3534 2.
207 3482 256 3549 m.)
268 3477 295 3532 X
311 3480 357 3550 (cf.
371 3480 450 3537 Eust.
467 3479 504 3535 ad
518 3479 595 3538 ΠΡ,
610 3484 712 3554 ἱθθίἢς
732 3477 906 3549 aqum&
927 3469 1090 3543 ffiffi.
1100 3477 1169 3512 m.

93 3546 203 3620 Ὠρείς),
275 3549 313 3606 24
331 3550 501 3625 ἐφαρμόσας
519 3553 558 3614 X.
