2460 3848
433 149 773 220 01.116‚1:·316a.0hr.
1070 153 1113 221 55

92 300 202 386 χώρας
223 297 290 364 ὑπὸ
313 299 460 364 Πίθωνα
484 297 540 364 καὶ
565 295 753 380 δυναμένης
774 297 931 382 μεγάλαις
953 297 1115 391 δυνάμεσι

93 408 177 493 πρὸς
200 406 386 492 διατροφήν
409 405 556 484 δαψιλῶς
579 405 709 470 ἅπαντα
728 413 919 491 χορηγῆσαι.
960 406 1150 490 Εὐμενήςο

93 513 132 579 δέ
161 513 217 578 διά
246 523 314 578 τῶν
343 514 562 578 κατασκόπων
590 514 784 594 πυθόμενος
813 514 874 597 τήν
904 510 1115 598 ἀναχώρησιν

92 629 161 686 τῶν
187 618 264 705 περὶ
284 618 478 703 Ἀντίγονον
505 628 565 684 τοῦ
592 619 655 702 μὲν
681 619 816 684 διώκειν
842 614 966 703 ἀπέστη
995 619 1051 684 διά
1077 621 1115 683 τὸ

60 747 73 789 ε
92 727 149 793 καί
166 729 245 804 τοὺς
265 727 373 804 ίδίους
390 726 591 812 στρατιώτας
611 724 649 792 ἐν
668 725 778 812 ἀσιτία
800 725 856 790 καί
877 728 1116 804 κακοπαθείαις

92 833 249 918 μεγάλαις
275 831 465 917 γεγονέναι,
492 834 569 920 περί
595 832 632 898 δέ
658 833 722 916 τήν
745 830 917 919 ἀναίρεσιν
939 843 1008 898 τών
1029 856 1116 899 τετε-

92 941 301 1025 λευτηκότων
328 941 507 1023 γενόμενος
536 938 724 1024 ἐπεμελήθη
754 950 812 1024 τῆς
841 950 948 1024 ταφῆς
977 945 1116 1025 μεγαλο-

92 1057 234 1133 πρεπῶς.
259 1043 357 1112 Ιἔνθα
378 1048 418 1131 δή
443 1047 568 1132 συνέβη
591 1045 751 1132 γενέσθαι
773 1055 908 1133 πρᾶγμα
926 1046 1116 1133 παράδοξον

92 1154 149 1219 καί
171 1157 258 1219 πολὺ
281 1164 350 1219 τών
372 1151 449 1239 παρ’
465 1151 603 1239 Ἕλλησι
625 1155 776 1237 νομίμων
799 1152 1050 1239 ἐξηλλαγμένον.

47 1282 74 1323 ιο
165 1263 295 1345 Κητεὺς
324 1262 388 1344 γάρ
416 1260 435 1326 ὁ
462 1272 530 1327 τών
560 1259 597 1326 ἐκ
625 1271 683 1346 τῆς
709 1261 850 1346 Ἰνδικῆς
879 1261 1116 1346 ἀπηντηκότων
1125 1259 1168 1326 33

93 1369 275 1453 στρατηγὸς
298 1366 448 1458 ἀνῃρέθη
471 1367 533 1450 μὲν
556 1365 594 1433 ἐν
613 1377 653 1454 τῇ
673 1368 759 1460 μάχη
778 1374 934 1453 λαμπρῶς
952 1367 1115 1453 ἀγωνισά-

92 1497 207 1558 μενος,
235 1474 372 1541 ἀπέλιπε
400 1474 438 1540 δέ
465 1474 528 1539 δύο
552 1485 713 1558 γυναῖκας
736 1475 1055 1551 συνακολουθούσας
1078 1473 1116 1541 ἐν

92 1592 138 1668 τῷ
171 1581 397 1670 στρατοπέδῳ,
429 1582 491 1665 τήν
522 1581 584 1663 μὲν
615 1584 792 1667 νεόγαμον,
827 1584 889 1667 τήν
921 1582 959 1647 δὲ
990 1581 1116 1665 ὀλίγοις

93 1685 180 1754 έτεσι
203 1690 367 1774 πρότερον
390 1692 647 1774 συνοικήσασαν,
670 1689 859 1776 ἀμφοτέρας
881 1690 919 1755 δὲ
940 1690 1116 1775 φιλοστόρ-

48 1815 74 1857 ιο
93 1820 160 1880 γως
182 1797 265 1882 πρὸς
288 1794 392 1861 αὐτὸν
415 1795 629 1879 διακειμένας.
667 1796 764 1874 ὄντος
787 1797 826 1862 δέ
847 1802 991 1863 παλαιοῦ
1010 1798 1151 1880 νόμουε

93 1903 183 1989 παρά
204 1911 276 1980 τοίς
296 1901 414 1980 Ἰνδοίς
437 1904 516 1979 τοὺς
538 1911 727 1986 γαμοῦντας
748 1904 804 1969 καί
826 1905 885 1982 τάς
907 1903 1117 1987 γαμουμένας

93 2008 287 2095 παρθένους
312 2011 356 2094 μή
385 2010 441 2075 διὰ
463 2020 522 2094 τῆς
543 2020 611 2075 τών
634 2009 762 2093 γονέων
784 2012 923 2096 κρίσεως
945 2016 1117 2076 ποιεῖσθαι

93 2118 154 2182 τὸν
176 2116 294 2200 γάμον,
316 2115 400 2183 ἀλλά
423 2119 601 2194 πείσαντας
624 2116 802 2203 ἀλλήλους,
829 2117 889 2181 τὸν
911 2115 973 2198 μέν
996 2113 1117 2202 ἔμπρο-

94 2229 181 2290 σθεν
209 2224 334 2308 χρὸνον
362 2234 420 2309 τῆς
449 2227 626 2309 μνηστείας
655 2223 835 2308 γενομένης
862 2224 918 2289 διά
945 2222 1117 2308 νεωτέρων

42 2306 170 2419 ,Ἷρταῑς
196 2331 338 2414 ήλικίαις
366 2331 410 2409 ώς
440 2329 495 2397 ἐπί
525 2335 612 2397 πολὺ
642 2330 820 2415 συνέβαινε
847 2330 1036 2396 διαπίπτειν
1059 2332 1117 2409 τὰς

93 2439 220 2522 κρίσεις
250 2438 306 2503 καί
336 2441 419 2523 ταχὺ
451 2437 723 2522 μεταμελομένων
758 2436 957 2524 ἀμφοτέρων
992 2439 1117 2514 πολλάς

93 2554 163 2609 τῶν
190 2555 361 2629 γυναικών
390 2546 653 2632 διαφθείρεσθαι
681 2545 737 2612 καὶ
764 2542 808 2610 δι’
831 2545 994 2631 ἀκρασίαν
1021 2550 1117 2630 φιλο-

95 2661 250 2738 στοργεῖν
276 2650 424 2738 ἐτέρους,
451 2651 544 2731 τέλος
567 2653 605 2719 δέ
627 2655 671 2738 μή
695 2652 883 2735 δυναμένας
905 2652 1117 2737 εὐσχημόνως

94 2758 271 2824 ἀπολιπεῖν
297 2762 377 2837 τοὺς
403 2757 436 2837 ἐξ
462 2760 564 2846 ἀρχῆς
586 2758 830 2846 προκριθέντας
854 2760 909 2824 διά
933 2759 1117 2844 φαρμάκων

48 2883 75 2926 ιε
94 2863 247 2952 ἀναιρεῖν
275 2868 354 2944 τοὺς
385 2875 636 2950 συνοικοῦντας,
668 2866 724 2931 καί
756 2868 817 2951 τήν
848 2866 960 2952 χώραν
993 2862 1023 2930 δ’
1055 2865 1117 2930 οὐκ

94 2973 209 3056 ὀλίγας
240 2970 393 3059 ἀφορμάς
425 2972 540 3051 αὐταίς
569 2973 704 3057 δοῦναι,
733 2974 857 3051 πολλάς
883 2972 939 3038 καί
966 2974 1117 3048 ποικίλας

95 3078 268 3166 φέρουσαν
291 3080 479 3166 φθαρτικὰς
505 3079 676 3164 δυνάμεις,
704 3078 738 3158 ἐξ
761 3074 810 3145 ὧν
832 3078 923 3158 ἐνίας
946 3095 1117 3166 προσχρω-

95 3190 235 3265 σθείσας
265 3189 371 3270 μόνον
403 3197 473 3264 τοῖς
504 3185 680 3271 ἐδέσμασιν
702 3187 723 3272 ή
747 3189 918 3273 ποτηρίοις
945 3185 1117 3272 ἐπιφέρειν

167 3378 325 3443 ῦάσιτίαις
342 3381 373 3434 F.
445 3376 624 3449 θἝλληνσιν
641 3380 672 3434 Ρ.
740 3380 777 3434 Ιώ
794 3378 882 3434 πάλαι
899 3378 958 3433 RX.
1026 3378 1062 3432 20
1081 3380 1122 3437 ὡς

95 3452 142 3506 ἐπὶ
161 3448 237 3526 <τδ>
255 3453 326 3508 πολὺ
344 3451 428 3507 Dind.
486 3452 521 3507 21
539 3449 782 3524 μεταμελλομέυων
797 3451 837 3507 λδ.
886 3450 933 3504 ³2³2
949 3445 1149 3513 ῦκοιώαυῖ.

96 3539 165 3578 corr.
181 3528 204 3577 2.
218 3541 254 3579 m.
327 3522 365 3579 26
382 3524 432 3580 καί
450 3523 557 3592 πολλὰς
574 3525 608 3584 Ἡ.
