2460 3848
91 200 134 264 43
452 193 750 250 Diodor.m2s.29.

93 353 272 427 ασπιστῶν,
291 341 391 418 ὄντας
408 342 544 417 πλείους
561 342 763 424 τρισχιλίων,
783 337 1020 424 ἀφηγουμένου
1034 339 1113 404 τού-

90 474 158 516 των
189 473 225 516 τε
257 449 323 532 άμα
354 447 410 514 καί
438 458 507 513 τῶν
534 446 794 533 ἀργυρασπίδων
817 442 1028 530 Ἀντιγένους
1055 447 1114 512 καί

56 578 73 626 2
96 557 274 640 Τευτάμου.
320 555 385 640 πρὸ
414 553 452 619 δὲ
479 552 585 638 πάσης
607 562 665 638 της
688 553 859 640 φάλαγγος
882 549 1020 637 ἔστησεν
1042 551 1113 619 έλέ-
1156 629 1159 635 .

92 686 220 750 φαντας
245 661 491 747 τεσσαράκοντα
517 660 573 726 καὶ
599 661 640 726 τά
664 660 794 725 τούτων
816 660 1020 744 διαστήματα
1041 670 1114 738 τοῖς

57 776 235 851 εψιλικοίς
263 769 426 854 τάγμασιν
455 765 697 854 ἀνεπλήρωσεν.
751 765 806 832 ἐπὶ
837 766 875 832 δὲ
906 775 967 832 τοῦ
999 765 1113 846 δεξιοῦ
1145 790 1157 830 ε

90 875 226 957 κέρατος
253 873 379 954 ἐξέταξε
407 878 486 952 τοὺς
515 876 637 958 ἱππεῖς,
667 872 845 959 ἐχομένους
874 872 935 956 μέν
962 883 1021 960 τῆς
1048 875 1114 959 φά-

91 988 213 1067 λαγγος
227 985 307 1059 τοὺς
325 980 362 1047 ἐκ
378 982 573 1067 Καρμανίας
591 979 816 1065 ὀκτακοσίους,
834 975 883 1046 ὧν
902 982 1114 1066 Τληπόλεμος

74 1089 259 1176 ,σατράπης
285 1089 413 1174 ἡγεῖτο,
440 1085 514 1173 ἑξῆς
541 1086 579 1152 δέ
604 1089 685 1164 τοὺς
710 1087 937 1170 καλουμένους
959 1086 1112 1175 ἑταίρους

91 1195 307 1274 ἐννακοσίους
328 1195 384 1261 καλ
406 1195 444 1260 τὸ
468 1192 661 1259 Πευκέστου
684 1193 740 1259 καὶ
758 1191 966 1278 Ἀντιγένους
991 1196 1113 1280 άγημα,

90 1304 300 1390 τριακοσίους
319 1299 396 1387 έχον
417 1302 526 1379 ίππείς
547 1307 607 1388 μιᾷ
625 1300 923 1386 περιειλημμένους
946 1301 1033 1391 είλη,
1056 1299 1108 1368 ἐπ’
1132 1324 1156 1364 ιο

92 1411 196 1496 άκρου
219 1409 257 1476 δὲ
278 1417 339 1474 τοῦ
362 1407 499 1494 κέρατος
520 1409 559 1474 τὸ
577 1407 752 1490 Εὐμενοῦς
773 1409 896 1492 άγημα,
919 1410 998 1485 τοὺς
1016 1407 1112 1487 ίσους
1135 1423 1137 1428 “

92 1513 168 1602 ἕχον
193 1518 317 1600 λππείς,
338 1515 394 1582 καὶ
416 1515 545 1581 τούτων
567 1516 740 1601 πρόταγμα
757 1526 825 1581 τῶν
843 1515 1018 1598 Εὐμενοῦς
1036 1518 1113 1581 παί-

91 1625 161 1689 διον
179 1623 268 1700 τίλας
287 1623 365 1707 δύο,
388 1623 628 1707 συνεστηκυίας
647 1620 802 1709 έκατέρας
824 1619 858 1700 ἐξ
884 1621 1011 1687 ἱππέοιν
1033 1643 1112 1688 πεν-

91 1735 247 1816 τήκοντα,
278 1729 334 1795 καί
362 1730 504 1813 πλαγίας
533 1728 766 1813 φυλαττούσας
795 1725 855 1806 έξοι
884 1737 945 1794 τοῦ
974 1727 1112 1814 κέρατος

91 1837 181 1913 είλας
199 1836 374 1922 τέσσαρας,
397 1834 435 1901 έν
453 1828 506 1914 αἷς
522 1832 609 1920 ἦσαν
630 1837 738 1912 ἱππεῖς
755 1834 920 1901 ἐπίλεκτοι
938 1836 1111 1902 διακόσιοι.
1131 1857 1155 1898 ιτ

56 1943 192 2029 εχιορίς
214 1943 252 2010 δὲ
275 1943 403 2011 τούτων
421 1943 485 2009 άπὸ
509 1953 626 2009 πασῶν
643 1953 712 2008 τῶν
736 1943 922 2028 ἱππαρχιῶν
945 1941 1112 2028 ἐπιλελεγ-

91 2050 212 2133 μένους
232 2060 302 2127 τοίς
324 2050 435 2135 τάχεσι
456 2050 513 2116 καὶ
535 2059 606 2128 ταῖς
630 2050 754 2136 ῥώμαις
774 2049 882 2126 ἱππεῖς
900 2052 1112 2135 τριακοσίους

91 2154 207 2242 ἔστησε
235 2159 375 2223 κατόπιν
403 2165 464 2223 τοῦ
494 2156 570 2243 περὶ
600 2156 704 2222 αὐτὸν
731 2155 903 2241 ἀγήματος.
953 2157 1043 2243 παρὰ
1072 2157 1112 2222 δὲ

91 2266 152 2350 την
188 2265 270 2350 ὅλην
306 2273 367 2330 τοῦ
405 2263 541 2350 κέρατος
578 2261 672 2341 τάξιν
707 2261 887 2349 προέταξεν
927 2261 1111 2348 ἐλέφαντας

91 2372 344 2453 τεσσαράκοντα.
390 2371 408 2454 ἡ
437 2369 475 2436 δὲ
501 2378 591 2435 πᾶσα
618 2369 759 2452 δύναμις
785 2366 828 2454 ἦν
854 2380 922 2435 τῶν
949 2369 1025 2455 περὶ
1050 2371 1111 2436 τὸν
1131 2391 1156 2432 ει

92 2477 227 2562 Ιάύμενῆ
260 2477 351 2557 πεζοί
382 2476 444 2559 μὲν
475 2476 663 2562 τρισμύριοι
692 2478 966 2561 πεντακισχίλιοι,
1001 2478 1112 2554 λππείς

91 2583 130 2649 δὲ
165 2581 376 2668 ἑξακισχίλιοι
407 2581 535 2667 ἑκατόν,
565 2581 742 2668 ἐλέφαντες
775 2584 813 2650 δὲ
845 2581 963 2650 ἑκατὸν
994 2599 1112 2650 τεσσα-

92 2691 293 2777 ρεσκαίὸεκα.

162 2920 178 2974 l
198 2919 258 2988 άφη
278 2915 408 3043 ουμένουχ
433 2916 646 2990 ἀφηγουμένους
664 2920 715 2973 RX
738 2916 983 2990 ὑφηγουμένωνέῚ
1007 2919 1069 2988 (άφ.
1084 2926 1110 2974 2.

91 2993 153 3061 m.);
172 3007 242 3046 corr.
295 3007 346 3045 ess.
362 2993 388 3059 (ο
402 3033 408 3045 .
423 2988 487 3044 XIX
501 2997 544 3059 24,
559 2995 595 3060 6).
672 2990 697 3046 2.
712 2992 730 3046 3
745 2988 917 3061 Ἀντιγένους
935 2989 984 3045 καλ
1005 2991 1111 3045 Τευτά·

171 3079 224 3117 om.
246 3060 308 3128 RX3
334 3061 412 3115 haud
437 3061 495 3116 seio
522 3078 559 3116 an
584 3062 705 3131 amplior
729 3063 869 3132 quaedam
894 3061 1047 3116 statuenda
1072 3063 1112 3117 sit

104 3149 195 3187 aeuna
214 3133 259 3202 (cf.
276 3133 313 3186 ad
329 3150 371 3187 vv.
386 3135 511 3203 20-23).
583 3133 601 3188 5
618 3133 772 3259 τάγμασινχ
782 3133 833 3203 τὴν
846 3133 926 3200 τάξιν
940 3132 1019 3200 libri;
1039 3149 1110 3188 corr.

92 3203 176 3259 Dind.
199 3205 245 3267 (cf.
262 3202 327 3258 XIX
344 3208 388 3272 40,
408 3210 432 3259 1.
449 3207 485 3273 3).
573 3203 733 3277 θέξέταξε]
770 3206 835 3271 ταξε
853 3204 942 3259 ΗειτΙ.
961 3203 1001 3258 III
1022 3222 1051 3273 p.
1065 3209 1110 3260 32.

92 3275 110 3330 8
123 3276 159 3330 of.
173 3274 237 3329 XIX
253 3282 295 3341 14,
310 3282 335 3331 6.
408 3275 519 3331 10-12
533 3280 583 3356 μιᾷ
593 3308 627 3317 -
637 3277 732 3338 λππεῑς
745 3293 799 3331 om.
814 3276 844 3343 P,
864 3275 955 3347 suppl.
970 3276 1001 3330 in
1018 3292 1111 3346 marg.

92 3353 168 3402 zm.
251 3347 285 3401 11
305 3347 339 3402 of.
358 3346 526 3403 Plutssum.
543 3352 567 3401 7.
648 3347 684 3402 14
702 3346 815 3401 afim
834 3352 876 3414 82,
892 3354 916 3403 2.
959 3352 961 3356 “
997 3346 1034 3402 16
1053 3345 1111 3404 άπὸ

90 3418 201 3489 πασῶν]
221 3417 338 3473 ἁπασῶν
356 3419 387 3472 F.
464 3418 500 3473 19
517 3418 597 3485 τάξιν
615 3435 670 3474 om.
684 3417 742 3472 ΒΧ.
815 3418 931 3474 20-28
948 3417 979 3472 hi
999 3420 1112 3474 numeri

73 3501 135 3538 ιιοιι
159 3489 353 3546 conficiuntur
375 3507 411 3548 ex
433 3491 475 3547 eis
499 3491 551 3562 qui
568 3507 655 3561 supra.
671 3489 829 3561 produnkux
846 3489 894 3562 (ef.
911 3490 1039 3558 Droysen
1057 3490 1076 3545 l.
1092 3491 1111 3546 l.

52 3568 86 3616 p,
103 3559 161 3608 281
174 3573 200 3612 α.
214 3563 250 3630 2),
310 3562 352 3619 22
369 3563 581 3638 δεκατέσσαρες
599 3565 633 3623 F·
