2460 3848
438 204 479 261 01.
492 209 592 272 11⁷,32
612 204 779 260 310a.0hr.
1052 208 1117 273 207

98 349 264 432 λισμάτων
296 350 351 415 καί
384 352 517 436 χωρίων
548 349 610 415 οὐκ
642 349 747 435 ὀλίγα.
802 347 1154 436 ἐπιστρατεύσαντοςε

97 456 136 522 δὲ
162 465 222 522 τοῦ
246 456 460 542 Πρυτάνιδος
486 456 572 547 μάχη
597 479 633 522 τε
656 455 788 541 ἐνίκησε
810 459 870 522 τὸν
894 456 1042 542 ἀδελφὸν
1064 458 1119 523 καί

98 565 295 648 συγκλείσας
318 564 366 640 είς
387 564 448 629 τὸν
467 565 592 647 ἰσθμὸν
609 564 670 630 τὸν
688 566 831 648 πλησίον
851 573 909 648 της
927 565 1120 642 Μαιώτιδος

43 672 220 755 ιεολίμνης
244 669 496 754 συνηνάγκασεν
519 671 696 756 ὁμολογίας
719 669 860 755 θέσθαι,
883 668 962 737 καθ’
980 671 1019 749 ἀς
1041 672 1120 749 τούς

67 799 132 842 ιτε
163 777 364 863 στρατιώτας
392 777 563 864 παρέδωκε
591 777 648 843 καί
676 786 735 861 τής
764 780 934 863 βασιλείας
962 776 1120 865 ἐκχωρελυ

98 884 320 968 ὡμολόγησεν.
367 884 411 961 ὡς
434 884 472 950 δὲ
494 883 693 971 παρεγένετο
721 886 769 963 είς
792 885 1055 970 Παντικάπαιον,
1082 884 1121 952 έν

98 983 126 1080 ιβ
152 993 190 1056 τὸ
218 993 389 1075 βασίλειον
411 988 455 1076 ήν
478 991 529 1057 ἀεὶ
556 1002 624 1058 τῶν
651 990 689 1057 ἐν
712 995 874 1081 Βοσπόρῳ
902 993 1120 1076 βασιλευσάν-

97 1121 175 1182 των,
199 1096 390 1184 ἐπεχείρησε
411 1099 474 1182 μὲν
496 1099 598 1165 πάλιν
621 1099 829 1166 ἀνακτᾶσθαι
852 1101 914 1184 τήν
936 1102 1120 1184 βασιλείαν,

96 1205 311 1291 κατισχυθεὶς
338 1205 377 1272 δὲ
402 1206 458 1271 καί
486 1207 606 1292 φυγὼν
629 1208 677 1283 είς
701 1209 780 1284 τοὺς
802 1205 1029 1288 καλουμένους
1051 1209 1121 1291 Κή-

52 1336 79 1377 10
97 1333 182 1390 πους
212 1311 370 1403 ἀνηρέθη.
420 1313 577 1397 Είίμηλος
606 1313 644 1378 δὲ
673 1314 754 1396 μετά
782 1314 842 1378 τὸν
869 1323 936 1378 τῶν
964 1312 1155 1398 ἀδελφῶν3

97 1419 248 1486 θάνατον
280 1421 484 1503 βουλόμενος
517 1417 674 1505 άσφαλῶς
706 1418 833 1486 θέσθαι
864 1420 905 1485 τδι
941 1421 1022 1484 κατὰ
1059 1420 1121 1503 τήν

97 1524 204 1613 ἀρχήν
227 1527 337 1592 ἀνελλε
365 1527 444 1604 τούς
470 1549 506 1592 τε
535 1529 656 1612 φίλους
681 1537 750 1592 τῶν
776 1526 853 1612 περί
879 1528 940 1592 τὸν
962 1525 1121 1611 Σάτυρον

97 1633 153 1699 καί
174 1635 361 1720 Πρύτανιν,
384 1629 432 1698 έτι
455 1633 493 1699 δὲ
515 1635 573 1711 τὰς
595 1643 755 1719 γυναλκας
777 1633 833 1699 καί
856 1635 896 1698 τδι
918 1631 1025 1699 τέκνα.
1062 1635 1121 1716 μό-

97 1763 156 1817 νος
179 1741 217 1806 tt
240 1739 402 1826 διέφυγεν
423 1739 526 1806 αὐτὸν
549 1740 567 1806 ὁ
590 1749 668 1817 παῖς
691 1739 709 1806 δ
727 1740 886 1826 Σατύρου
905 1739 1120 1826 Παρυσάδης,

52 1871 79 1913 ιτ
98 1845 173 1925 νέος
192 1849 240 1912 διν
258 1853 427 1924 παντελῶς
448 1849 511 1932 τήν
528 1847 673 1931 ήλικίαν·
697 1845 895 1925 ἐξιππεύσας
917 1849 981 1931 γάρ
1004 1845 1040 1912 ἐκ
1063 1856 1121 1931 τῆς

97 1955 225 2031 πόλεως
247 1953 413 2040 κατέφυγε
435 1956 519 2041 πρὸς
537 1951 685 2040 ’Ἁγαρον
706 1955 767 2019 τὸν
784 1954 923 2038 βασιλέα
944 1965 1012 2020 τῶν
1031 1958 1121 2019 Σκυ-

98 2061 176 2127 δῶν.
228 2060 505 2146 ἀγανακτούντων
533 2060 571 2126 δὲ
597 2071 665 2127 τῶν
692 2065 838 2127 πολιτῶν
865 2060 919 2127 ἐπί
949 2071 993 2148 τῷ
1025 2062 1156 2149 φένφ4

97 2179 166 2234 τῶν
188 2169 321 2234 οίκείων
345 2169 544 2253 συναγαγὼν
568 2168 615 2245 είς
638 2165 815 2252 ἐκκλησίαν
837 2169 878 2232 τδι
904 2170 1018 2252 πλήθη
1044 2169 1123 2253 περί

97 2297 133 2340 τε
168 2275 298 2340 τούτων
329 2274 557 2361 ἀπελογήσατο
592 2275 648 2340 καί
684 2276 746 2360 τήν
777 2274 918 2359 πάτριον
949 2275 1120 2339 πολιτείαν

51 2405 79 2446 ιο
99 2381 372 2466 ἀποκατέστησεν.
410 2383 620 2468 συνεχώρησε
643 2382 681 2448 δέ
703 2382 758 2447 καί
780 2383 843 2466 τήν
861 2379 1011 2447 ἀτέλειαν
1032 2377 1120 2465 ἐχειν
1165 2368 1170 2375 ’

97 2489 160 2573 τήν
186 2487 242 2555 ἐπὶ
268 2500 336 2554 τῶν
363 2491 541 2575 προγόνων
569 2483 675 2555 οὖσαν
701 2499 771 2567 τοῖς
794 2489 1046 2555 Παντικάπαιον
1072 2490 1120 2554 oi·

97 2603 203 2661 κοῦσι.
250 2597 553 2681 προσεπηγγείλατο
582 2596 620 2662 δὲ
646 2596 702 2661 καὶ
728 2607 796 2661 τῶν
819 2598 988 2682 εἰσφορῶν
1015 2596 1120 2661 ἀπαν-

97 2724 156 2779 τας
175 2701 317 2787 ἀφήσειν
335 2702 391 2767 καί
409 2703 517 2767 πολλά
535 2701 691 2787 διελέχθη
710 2704 917 2787 δημαγωγῶν
936 2704 976 2768 τά
996 2705 1119 2787 πλήθη.

97 2812 180 2893 ταχὺ
205 2809 242 2875 δέ
265 2808 400 2874 πάντων
419 2811 466 2886 είς
489 2810 550 2894 τήν
573 2809 856 2895 προϋπάρχουσαν
879 2810 1016 2875 εὔνοιαν
1039 2809 1154 2874 ἀπο-ὅ

52 2937 79 2980 ει
97 2914 331 2980 καταστάντων
354 2916 410 2980 διδι
432 2917 490 2992 τὰς
513 2916 703 3002 εὐεργεσίας
725 2917 763 2981 τὸ
787 2918 905 2982 λοιπὸν
926 2915 1120 2999 ἐβασίλευεν

169 3073 187 3127 θ
206 3073 236 3126 ‘i
252 3088 275 3166 ε,
294 3072 430 3126 isthmum
449 3073 498 3141 qui
517 3075 561 3128 est
578 3074 653 3128 inter
667 3073 803 3129 Maeotim
822 3076 851 3158 et
868 3073 934 3128 hod.
954 3073 1046 3126 sinum
1066 3072 1120 3126 Τε-

96 3159 260 3283 tttffntt
288 3143 591 3300 δῖθδὲἷέέεέλέδῖι
619 3144 766 3270 etti?
796 3144 933 3270 iiiiii.
950 3143 1119 3298 {titt

97 3286 134 3340 16
151 3284 309 3356 προσέφυγε
328 3287 358 3340 F.
396 3284 511 3356 ’Άγαρος
529 3305 600 3356 ign.;
621 3289 652 3342 at
666 3286 778 3357 ’Άγαροι
796 3304 864 3358 gens
884 3285 1016 3356 Scythwa
1035 3287 1118 3357 (App.

97 3356 193 3412 Mithr.
208 3362 266 3427 88),
286 3375 358 3426 quae
376 3357 528 3412 habitabat
543 3359 574 3412 in
588 3359 758 3413 occidentali
771 3361 853 3428 parte
866 3357 1018 3412 Maeotidis
1031 3358 1119 3423 lacus,

97 3427 149 3482 ubi
168 3426 287 3498 ’Ἄγαρον
313 3428 401 3497 ἀκρον
427 3432 456 3484 et
476 3428 593 3500 ’Ἄγαρον
618 3427 745 3500 ποταμὸν
768 3431 897 3484 recenset
916 3429 1139 3484 Pttmmss

98 3499 145 3568 (οἱ
178 3498 269 3555 Dim·
298 3501 337 3554 ῙΠ
360 3507 389 3570 13
426 3501 499 3557 Plin.
525 3500 603 3557 XXV
628 3507 701 3570 itt,
730 3501 863 3556 timim
894 3498 942 3548 ωδ
958 3495 1043 3545 QX
1071 3487 1167 3535 U«

98 3569 271 3626 Tomasohek
288 3588 334 3643 ap.
353 3573 446 3632 P.-W.
468 3594 491 3634 ε,
504 3579 554 3651 α).
629 3575 671 3633 ‘tt
691 3577 890 3647 μιοθοφοοωο
903 3565 951 3616 ἳ.
