2460 3848
435 183 589 250 01.11‘1‚3=
609 187 661 238 ειο
676 199 700 238 ι.
712 181 774 239 chr.
1049 185 1114 252 203

166 329 253 415 Περὶ
276 331 340 414 γάρ
362 331 442 406 τοὺς
465 328 587 406 αύτούς
609 329 747 414 καιρούς
769 325 807 393 ἐν
824 339 870 415 τῷ
890 331 1012 417 Πόντῳ
1035 329 1168 412 μετά22

93 439 154 522 τήν
185 436 392 522 Παρυσάδου
421 439 589 521 τελευτήν,
617 435 654 514 ὃς
682 432 726 520 ήν
755 437 912 518 βασιλεὺς
940 445 1001 501 τοῦ
1030 439 1116 519 Κιμ-

92 552 230 630 μερικοῦ
254 545 447 628 Βοσπόρου,
475 542 646 609 διετέλουν
670 544 703 608 ολ
729 543 846 621 παίδες
873 542 977 609 αὐτού
1000 543 1116 608 διαπο-

94 655 270 734 λεμοῦντες
293 651 377 736 πρὸς
400 649 564 734 ἀλλήλους
585 649 671 735 ὑπὲρ
698 660 756 735 τῆς
782 651 975 734 ἡγεμονίας,
1002 651 1116 734 Εύμη-

61 759 151 835 τλός
177 780 213 822 τε
239 757 295 823 καί
318 757 472 843 Σάτυρος
496 756 553 822 καλ
575 757 756 842 Πρύτανις.
800 757 930 822 τούτων
953 756 991 822 δὲ
1014 755 1032 822 6
1054 755 1151 840 μὲνε

93 864 248 950 Σάτυρος
270 864 318 929 διν
337 865 562 950 πρεσβύτερος
584 864 674 949 παρά
697 872 756 929 τοῦ
775 863 899 950 πατρὸς
918 866 1116 949 παρειλήφει

92 973 155 1056 τήν
182 970 298 1056 ἀρχήν,
325 972 600 1054 βεβασιλευκότος
629 967 684 1054 ἔτη
711 970 890 1056 τριάκοντα
913 971 1011 1036 ὀκτώ·
1039 967 1111 1036 ὁδ’

93 1078 249 1161 Εὔμηλος
277 1080 394 1163 φιλίαν
421 1077 679 1161 συντεθειμένος
708 1079 792 1163 πρός
817 1100 911 1154 τινας
940 1089 1008 1143 τῶν
1035 1082 1117 1162 πλη-

94 1185 265 1270 σιοχώρων
288 1185 468 1271 βαρβάρων
490 1185 546 1251 καλ
569 1185 715 1268 δύναμιν
736 1184 843 1270 ἁδράν
866 1185 1035 1270 ἠθροικὼς
1056 1185 1116 1268 ήμ-

48 1313 75 1353 ιο
94 1294 249 1376 φισβήτει
275 1301 333 1376 της
360 1294 538 1374 βασιλείας.
583 1290 604 1356 δ
632 1291 674 1375 δή
702 1292 896 1373 πυθόμενος
921 1289 939 1356 6
963 1291 1151 1377 Σάτυροςε

94 1396 265 1476 ἀνέζευξεν
288 1396 341 1464 ἐπ’
358 1398 461 1464 αὐτὸν
486 1399 566 1481 μετά
594 1397 767 1480 δυνάμεως
790 1396 893 1482 άδρᾶς
920 1397 976 1462 καλ
999 1398 1117 1480 διαβάς

92 1506 152 1570 τὸν
178 1504 290 1589 Θάτην
312 1507 472 1589 ποταμόν,
500 1503 613 1588 ἐπειδή
641 1506 784 1589 πλησίον
808 1502 940 1588 ἐγένετο
966 1515 1035 1571 τῶν
1057 1524 1117 1569 πο-

93 1613 226 1696 λεμίων,
253 1613 315 1696 τήν
342 1612 404 1695 μὲν
427 1612 641 1697 παρεμβολήν
663 1621 735 1688 ταλς
762 1610 900 1695 ἁμάξαις
926 1612 1116 1698 περιλαβὼν

93 1709 146 1796 αίς
167 1715 211 1803 ήν
233 1719 412 1802 κεκομικὼς
435 1720 492 1795 τάς
521 1717 644 1804 ἀγοράς
672 1718 774 1796 ούσας
800 1723 1027 1804 παμπληθεῖς,
1053 1719 1116 1803 τήν

47 1846 74 1888 ιι
93 1825 131 1892 δὲ
162 1825 308 1908 δύναμιν
339 1823 474 1904 ἐκτάξας
506 1825 605 1902 αὐτὸς
636 1827 719 1890 κατά
754 1824 859 1910 μέσην
890 1825 1018 1912 ὑπῆρχε
1053 1826 1116 1910 τήν

93 1931 263 2017 φάλαγγα,
291 1932 445 2018 καθάπερ
469 1930 539 1997 ίστλ
562 1931 716 2009 Σκύθαις
738 1934 888 2016 νόμιμον.
935 1948 1151 2018 συνεστρα-4

92 2038 230 2104 τεύοντο
254 2040 286 2103 δ’
303 2038 392 2126 αύτῷ
415 2040 623 2125 μισθοφόροι
644 2038 707 2121 μὲν
726 2035 886 2122 Ἕλληνες
913 2039 954 2104 ού
980 2041 1115 2116 πλείους

93 2144 266 2230 δισχιλίων
288 2145 344 2211 καί
369 2150 496 2234 Θρᾷκες
519 2145 587 2210 ἴσοι
609 2145 755 2229 τούτοις,
783 2146 816 2211 ol
838 2145 876 2211 δὲ
900 2144 1011 2210 λοιποί
1033 2144 1115 2210 πάν-

92 2273 146 2329 τες
175 2250 327 2337 ὑπῆρχον
356 2253 522 2336 σύμμαχοι
550 2252 702 2337 Σκύθαι,
733 2255 870 2330 πλείους
901 2263 969 2317 τῶν
998 2251 1115 2334 δισμυ-

47 2381 75 2422 zo
94 2360 187 2444 ρίαν,
213 2359 322 2437 ἱππεῖς
344 2359 382 2425 δὲ
403 2359 465 2425 οὐκ
490 2358 647 2438 ἐλάττους
668 2362 806 2447 μυρίων.
852 2369 897 2445 τῷ
922 2359 954 2422 δ’
970 2358 1114 2446 Εὐμήλῳ

94 2466 271 2552 συνεμάχει
294 2465 384 2552 [μὲν]
404 2462 607 2553 Ἀριφάρνης
634 2467 652 2533 6
677 2479 746 2534 τῶν
768 2471 927 2552 Σιρακῶν
949 2465 1116 2550 βασιλεύς,

164 2694 232 2749 ὅδὲ
252 2712 305 2750 om.
320 2696 351 2750 F.
401 2695 625 2767 δπρεσβύτατος
639 2694 722 2750 Dind.
775 2694 961 2763 λτριάκοντα
975 2694 1059 2767 ὀκτὼ]
1080 2696 1115 2752 ef.

92 2764 157 2820 XVI
174 2772 217 2834 52,
228 2771 274 2832 103
294 2767 451 2835 Letyechev
469 2767 551 2821 inser.
571 2769 629 2821 ent.
648 2784 687 2822 or.
707 2769 777 2836 sept.
796 2767 877 2822 Pont.
897 2767 966 2820 Enx.
985 2767 1011 2820 H
1029 2785 1056 2836 p.
1073 2774 1115 2822 24.

93 2837 128 2891 12
144 2837 241 2906 Θάτην
250 2836 300 2891 RX
317 2838 455 2908 Θάψινδ,
470 2854 608 2908 suprascr.
622 2855 643 2892 ε.
695 2854 712 2891 a
727 2844 751 2892 1.
761 2856 798 2891 m.
812 2858 840 2904 νς
854 2839 924 2893 item
938 2837 1013 2892 infra
1028 2844 1070 2903 23,
1087 2845 1115 2904 ¹3

93 2909 168 2963 idem
183 2908 283 2962 fluvius
300 2909 398 2973 Ψάθις
412 2909 494 2964 audit
508 2925 553 2979 ep.
567 2908 639 2964 Ptol.
685 2915 711 2977 8,
721 2915 745 2963 λ.
762 2916 809 2974 14;
823 2909 869 2963 ‘at
884 2909 978 2978 Θάτης
992 2910 1116 2978 genuine

92 2980 214 3034 nominis
236 2979 328 3034 forme
350 2981 449 3035 fuenit'
474 2981 603 3051 (Mueller
622 2981 658 3034 nd
676 2981 748 3035 Ptol.
768 2979 786 3035 l.
800 2979 819 3034 l.
838 2999 865 3049 p.
882 2984 957 3050 921);
982 2982 1025 3034 est
1044 2979 1117 3035 alter

92 3051 205 3106 Attenia
230 3051 310 3106 lacus
334 3052 365 3106 in
387 3052 559 3108 Maeotidem
582 3051 686 3118 exitus,
709 3052 742 3142 iq
763 3051 839 3120 quod
858 3055 939 3106 suete
957 3051 1116 3120 sagacitate

25 3167 27 3172 ·
92 3122 224 3250 lein
240 3122 476 3321 llllftlpli:
492 3123 699 3267 litent}
713 3121 1116 3263 telle-tntilli}

93 3265 128 3320 cl.
144 3266 320 3322 Tomnechek
334 3283 379 3335 ap.
416 3265 481 3322 .-W.
497 3282 517 3320 ε.
528 3284 552 3321 v.
591 3267 735 3338 Σιρακῶν]
752 3269 874 3340 Θρᾳκῶν
889 3264 982 3331 οοδδ.;
1001 3262 1115 3320 Θατέαν

94 3338 165 3392 coni.
180 3337 294 3393 Boeekh
309 3337 351 3393 CJ
357 3337 402 3393 Gr.
417 3338 443 3392 11
457 3356 484 3408 p.
497 3343 547 3392 104
564 3354 620 3392 non
633 3340 723 3404 reete3
738 3354 807 3392 corr.
822 3336 941 3391 Mueller
954 3334 1000 3390 1.1.
1016 3354 1043 3406 p.
1055 3342 1114 3392 904.

94 3414 145 3463 91⁹1
166 3408 225 3478 (ubi
241 3409 337 3464 omnin
351 3410 519 3478 scriptorum
533 3411 562 3465 et
575 3409 790 3479 inscriptionum
804 3408 969 3463 testimonie
982 3411 1125 3473 nemete

92 3480 297 3606 χυχοαίυχχλιχε),
317 3480 492 3537 Tomeechek
512 3497 558 3553 ap.
574 3480 666 3539 P.·W.
685 3497 709 3537 e.
720 3499 750 3536 n.
764 3473 1146 3549 Ἀριφάρνης,ἷθθῖῑθδλςὲχῖ
