2460 3848
455 224 496 280 01.
508 229 568 292 118,
580 231 608 278 2:
624 229 675 278 ιοι
691 240 715 278 ι.
727 223 789 278 chr.
1066 215 1130 291 271

114 374 309 455 νομίσαντες
345 372 406 455 την
441 379 510 435 τῶν
537 367 708 453 Ἑλλήνων
743 369 889 451 δύναμιν
920 368 1052 433 άπασαν
1083 369 1133 432 δι-

115 477 359 561 εσκευασμένην
386 475 528 561 ἐπιέναι,
557 480 640 561 ταχὺ
669 485 739 553 τοῖς
769 475 982 560 στρατιώταις
1011 473 1133 559 έδηλω-

115 601 178 650 σαν
201 585 262 669 τὴν
284 593 493 669 προσιοῦσαν
516 583 668 666 δύναμιν.
715 581 933 659 διαδοθέντος
961 576 1024 648 οὖν
1050 578 1167 667 πρὸςε

115 692 261 769 ἅπαντας
289 699 348 757 τοῦ
376 693 479 774 λόγου
506 692 657 776 θόρυβος
684 687 837 755 ἐνέπιπτε
866 689 922 754 καλ
950 690 1134 773 προσδοκία

83 821 95 860 ε
114 809 172 884 της
199 809 267 864 τῶν
289 800 456 880 πολεμίων
478 794 614 882 ἐφόδου.
660 795 800 862 ἑκάστου
824 795 861 862 δέ
883 796 945 880 την
968 797 1134 882 σωτηρίαν

114 904 153 971 έν
181 891 221 990 τη
252 914 344 990 φυγῇ
374 903 553 987 τιθεμένου
583 905 639 970 καί
667 908 748 988 μήτε
776 892 1046 989 παραγγέλματος
1079 904 1134 967 δο·

114 1012 235 1089 θέντος
261 1011 328 1076 ὑπὸ
355 1021 423 1077 τῶν
446 1021 639 1097 στρατηγῶν
661 1015 741 1095 μήτε
769 1009 888 1088 τάξεως
913 1011 1015 1095 ούσης
1036 1011 1134 1094 μηδε-

114 1128 190 1202 μιᾶς
213 1120 246 1184 ολ
269 1119 451 1204 φεύγοντες
474 1117 651 1185 ἐνέπιπτον
674 1117 840 1202 ἀλληλοις·
869 1111 916 1183 ών
939 1118 973 1182 ολ
994 1116 1057 1199 μὲν
1078 1117 1135 1182 διά

114 1228 151 1291 τὸ
180 1228 312 1309 σκότος,
342 1226 375 1292 οί
405 1225 444 1292 δὲ
473 1227 529 1291 διά
557 1226 619 1309 την
646 1221 803 1309 ἔκπληξιν
830 1224 1030 1308 ἀγνοοῦντες
1056 1227 1135 1300 τοὺς

70 1354 96 1394 ιο
115 1334 259 1409 οἰκείους
288 1334 332 1411 ὡς
363 1335 541 1415 πολεμίους
569 1333 746 1417 ἠμύνοντο.
798 1335 925 1397 πολλοῦ
955 1330 992 1396 δὲ
1025 1332 1168 1415 φόνουε

114 1439 293 1524 γινομένου
326 1441 381 1505 καὶ
412 1449 471 1524 τῆς
502 1439 639 1523 ἀγνοίας
670 1437 909 1524 ἐπικρατούσης
941 1438 974 1503 οί
1004 1437 1067 1519 μὲν
1097 1435 1135 1502 έν

114 1556 235 1633 χειρῶν
248 1548 339 1635 νόμω
359 1544 603 1632 διεφθάρησαν,
621 1547 654 1611 ολ
672 1543 703 1610 δ’
716 1544 977 1629 ἐκπεπηδηκότες
995 1545 1136 1609 ἄνοπλοι

114 1654 171 1719 καί
199 1655 260 1739 τὴν
289 1656 403 1739 φυγὴν
429 1653 624 1735 ποιούμενοι
653 1653 709 1717 διὰ
738 1662 806 1718 τῶν
836 1652 1031 1737 δυσχωριῶν
1060 1673 1135 1716 κατ-

116 1763 364 1846 εκρημνίζοντο,
394 1769 451 1844 τῆς
478 1768 587 1844 ψυχῆς
613 1758 815 1844 ἐπτοημένης
842 1760 898 1824 διὰ
925 1760 985 1825 τὸν
1012 1757 1135 1843 ἀπροσ-

72 1889 97 1930 ιε
116 1869 258 1951 δόκητον
275 1870 393 1954 φόβον.
425 1869 463 1931 τὸ
482 1867 520 1932 δὲ
537 1866 630 1944 τέλος
648 1869 813 1932 πλειόνων
826 1865 846 1950 ἣ
861 1867 1136 1950 πεντακισχιλίων

116 1973 332 2056 ἀπολομένων
350 1976 387 2040 τὸ
408 1976 526 2039 λοιπὸν
544 1979 675 2057 πλῆθος
697 1973 843 2057 διεσώθη
865 1974 948 2059 πρὸς
964 1974 1027 2057 τὴν
1045 1977 1136 2058 Καρ-

116 2081 250 2165 χηδόνα.
292 2083 325 2147 ολ
347 2078 378 2145 δ’
394 2080 432 2147 ἐν
454 2091 494 2167 τῇ
518 2083 612 2147 πόλει
635 2082 708 2146 τότε
730 2080 792 2162 μὲν
810 2077 1135 2163 συνεξαπατηθέντες
1153 2097 1171 2145 4

116 2195 156 2271 τῇ
181 2189 273 2276 φημη
295 2198 363 2252 τῶν
388 2188 483 2253 ἰδίων
505 2187 675 2270 ὑπέλαβον
697 2188 861 2271 ἡττῆσθαι
887 2186 973 2275 μάχη
1000 2186 1056 2251 καί
1078 2195 1136 2270 της

117 2293 289 2375 δυνάμεως
307 2295 345 2359 τὸ
363 2301 520 2359 πλεῖστον
538 2294 757 2380 διεφθάρθαι.
793 2294 910 2377 διόπερ
929 2293 1135 2377 ἀγωνιῶντες

73 2427 99 2467 ιο
117 2397 265 2486 ἀνέῳξαν
292 2401 350 2478 τὰς
377 2401 484 2478 πύλας
510 2402 566 2467 καλ
592 2402 673 2484 μετὰ
699 2401 854 2487 θορύβου
883 2400 939 2465 καί
968 2404 1135 2485 πτοήσεως

117 2505 271 2591 ἐδέχοντο
289 2509 368 2585 τοὺς
386 2509 596 2593 στρατιώτας,
611 2507 816 2594 φοβούμενοι
834 2508 877 2591 μὴ
899 2517 969 2584 τοῖς
987 2505 1135 2592 ἐσχάτοις

117 2615 151 2679 ολ
177 2613 328 2697 πολέμιοι
356 2613 631 2681 συνεισπέσωσιν·
657 2614 780 2699 ἡμέρας
807 2613 846 2679 δὲ
872 2613 1051 2698 γενομένης
1075 2639 1135 2697 μα-

117 2723 238 2798 θόντες
269 2720 412 2805 τάληθὲς
446 2724 541 2804 μόλις
577 2721 795 2806 ἀπελύθησαν
826 2730 884 2805 τῆς
915 2731 982 2787 τῶν
1014 2722 1135 2787 δεινῶν

117 2830 325 2915 προσδοκίας.
1207 2838 1211 2845 ’

73 2960 99 3001 ιε
192 2937 234 3001 Ol
254 2936 292 3001 δὲ
315 2936 391 3021 περὶ
414 2937 474 3000 τὸν
489 2932 693 3019 Ἀγαθοκλέα
713 2937 795 3000 κατά
813 2937 872 3001 τὸν
891 2935 994 3001 αὐτὸν
1011 2936 1135 3019 χρόνον
1145 2934 1187 2999 67

119 3044 164 3108 δι’
185 3043 314 3127 ἀπάτην
341 3043 397 3108 καί
424 3042 628 3127 προσδοκίαν
655 3042 763 3126 ψευδῆ
791 3053 862 3120 ταῖς
890 3041 1018 3125 ὁμοίαις
1045 3061 1134 3126 περι-

189 3236 205 3289 1
225 3236 274 3290 καὶ
293 3233 456 3304 νομίσαντες
469 3235 498 3288 F.
558 3232 706 3299 2ἐπιέναι
723 3252 787 3302 εοις
801 3235 868 3288 libri
882 3229 964 3289 εἶναι.
1019 3233 1036 3288 8
1055 3234 1136 3304 ἀλλή-

118 3310 176 3369 λοις
194 3324 247 3361 οιιι.
262 3306 320 3361 RX.
381 3307 399 3360 9
417 3308 482 3368 τοὺς
500 3304 621 3368 οἰκείους
639 3323 692 3361 οιιι.
707 3305 757 3360 RX
776 3307 825 3374 qui
843 3307 880 3368 ὡς
896 3307 963 3367 τοὺς
979 3303 1135 3374 πολεμίους.

118 3377 152 3432 11
177 3397 242 3447 γενο
263 3376 328 3433 ένον
353 3378 383 3432 F.
456 3377 501 3432 15.
520 3378 556 3431 16
581 3375 782 3446 ἀπολλυμένων
807 3379 872 3446 post
896 3374 972 3439 τέλος
997 3377 1078 3445 ponit
1099 3377 1139 3440 Ἐς

118 3398 305 3518 ἀπολωμέύων
328 3448 391 3516 RX3
415 3448 449 3502 cf.
468 3449 601 3504 Groenert
619 3467 655 3504 m.
670 3448 769 3503 Gffl.
784 3454 883 3517 §.m
897 3455 968 3499 w..
1039 3447 1085 3491 ἳι
1108 3444 1157 3514 εξ(

118 3518 311 3587 mmmmm*
328 3522 358 3575 F·
423 3520 459 3578 18
478 3521 625 3595 ἡττᾶσθαι
638 3520 704 3576 Π.
764 3519 808 3573 (δώ
826 3515 967 3586 μδηιςῖ.
1024 3507 1074 3556 *ὦ
1089 3500 1193 3555 w&

109 3589 173 3656 περὶ
191 3589 250 3646 RX.
286 3591 411 3671 χρόνον]
430 3593 539 3670 καιρὸν
557 3597 592 3654 λέ.
