2460 3848
102 188 145 253 66
463 183 761 259 Diodor.X1X40.41.

100 331 138 396 τὸ
167 329 204 395 δὲ
232 328 343 408 δεξιὸν
368 340 415 416 τῷ
443 330 506 416 υἱῷ
534 330 731 417 Δημητρίῳ,
762 326 839 412 μεθ’
863 325 904 396 οὗ
936 329 992 394 καί
1024 330 1127 409 αὐτὸς

102 438 358 523 διαγωνίζεσθαι
391 437 575 521 διεγνώκει·
612 439 691 514 τοὺς
723 437 761 502 δὲ
792 439 910 516 πεζοὺς
941 438 989 514 είς
1020 437 1126 520 μέσον

99 548 305 629 καταστήσας
323 542 483 630 παρέταξε
501 542 578 629 παρ’
596 544 679 628 ὅλην
701 545 763 628 την
786 545 932 626 δύναμιν
953 546 1033 621 τοὺς
1056 543 1127 612 ἐλέ-

101 675 244 736 φαντας,
268 652 444 737 πληρώσας
462 652 503 715 τά
521 651 724 736 διαστήματα
742 661 812 729 τοῖς
834 655 980 730 ψιλικοῖς
1001 651 1126 735 τάγμα-

101 775 165 825 σιν.
206 757 287 823 δδὲ
309 767 373 834 πᾶς
396 755 541 842 ἀριθμὸς
562 754 606 842 ἦν
629 759 734 825 αὐτοῦ
756 767 816 842 τῆς
838 757 1010 841 δυνάμεως
1032 760 1126 838 πεζοὶ
1160 780 1173 821 ε

100 865 162 948 μέν
191 864 361 951 δισμύριοι
391 866 562 950 δισχίλιοι,
597 866 706 943 ἱππεῖς
735 861 765 930 δ’
791 863 1030 949 ἐννακισχίλιοι
1059 868 1127 932 σὺν

100 981 170 1050 τοῖς
192 970 229 1037 ἐκ
251 972 387 1056 Μηδίας
409 982 752 1057 προσκαταγραφεῖσι,
776 975 882 1058 θηρία
905 972 943 1038 δδ
965 969 1127 1057 ἐξήκοντα

65 1079 154 1145 ικαὶ
182 1078 289 1144 πέντε.
339 1077 357 1144 ὁ
386 1075 416 1144 δ’
439 1079 595 1164 Εὐμενὴς
624 1082 818 1162 πυθόμενος
844 1081 904 1146 τὸν
928 1075 1126 1163 Ἀντίγονον

100 1185 155 1252 ἐπί
184 1195 245 1252 τοῦ
275 1183 386 1263 δεξιοῦ
416 1184 553 1271 κέρατος
582 1186 741 1271 τετάχθαι
770 1186 850 1269 μετά
879 1197 948 1251 τῶν
977 1185 1126 1271 ἀρίστων

103 1293 239 1378 ἱππέων,
271 1292 326 1359 καί
358 1293 459 1370 αὐτὸς
491 1290 702 1376 ἀντετάξατο,
738 1290 793 1357 ἐπί
826 1293 864 1356 τὸ
898 1292 994 1357 λαιὸν
1025 1292 1125 1379 κέρας
1146 1317 1172 1358 ιο

100 1400 277 1486 ἐπιστήσας
299 1401 377 1476 τοὺς
401 1399 570 1485 ἀρίστους·
594 1400 649 1466 καί
671 1401 736 1486 γάρ
759 1409 826 1465 τῶν
845 1409 1024 1484 σατραπῶν
1043 1405 1126 1479 τοὺς

100 1510 275 1583 πλείστους
302 1505 452 1573 ἐνταῦθα
478 1506 677 1592 κατέστησεν
703 1508 784 1591 μετὰ
810 1517 878 1572 τῶν
901 1511 1126 1592 συναγωνιζο-

99 1614 209 1697 μένων
237 1613 350 1690 αὐτοῖς
381 1612 507 1679 λππέων
534 1613 714 1680 ἐπιλέκτων
736 1614 791 1679 καί
819 1613 919 1690 αὐτὸς
943 1615 1024 1695 μετά
1046 1616 1124 1681 τού-

100 1745 166 1786 των
189 1718 303 1802 ἐμελλε
330 1721 555 1787 κινδυνεύειν·
584 1732 692 1805 συνῆν
720 1718 751 1786 δ’
774 1721 886 1797 αὐτοῖς
914 1720 969 1786 καί
992 1726 1124 1808 Μιθρι-

100 1827 200 1912 δάτης
219 1827 236 1893 ὁ
252 1826 509 1912 Ἀριοβαρζάνου
527 1828 589 1912 μὲν
608 1830 696 1912 υἱός,
719 1828 884 1911 ἀπόγονος
908 1824 939 1891 δ’
956 1826 1032 1906 ἑνὸς
1053 1839 1123 1895 τών
1144 1851 1170 1892 ιτ

99 1932 181 2000 ἑπτά
199 1938 343 2019 Περσῶν
363 1945 431 2001 τῶν
454 1938 735 2021 συγκαθελόντων
753 1936 812 2000 τὸν
830 1934 938 2017 μάγον
956 1933 1173 2020 Σμέρδιν,349

100 2041 184 2126 ἀνὴρ
215 2041 354 2129 ἀνδρεία
386 2042 557 2129 διαφέρων
588 2043 645 2108 καλ
675 2040 903 2127 τεθραμμένος
935 2039 971 2106 ἐκ
1002 2042 1124 2121 παιδὸς

63 2160 347 2234 δστρατιωτικώς.
392 2151 458 2234 πρὸ
486 2150 524 2215 δέ
550 2160 611 2215 τοῦ
638 2148 775 2233 κέρατος
801 2149 925 2225 παντὸς
948 2145 1062 2225 ἔταξεν
1085 2147 1124 2214 ἐν

98 2255 284 2344 ἐπικαμπίῳ
311 2259 390 2334 τοὺς
419 2259 616 2341 κρατίστους
645 2267 712 2321 τῶν
742 2253 933 2340 ἐλεφάντων
963 2252 1124 2340 ἑξήκοντα

98 2363 153 2428 καί
181 2365 221 2428 τά
248 2364 460 2447 διαστήματα·
477 2373 548 2441 τοῖς
570 2368 681 2443 ψιλοῖς
703 2361 835 2444 διέλαβε
857 2362 1007 2446 τάγμασι.
1053 2373 1123 2429 τῶν
1142 2387 1168 2427 τι

99 2469 136 2534 δέ
166 2473 272 2548 πεζῶν
301 2470 453 2554 πρώτους
482 2470 544 2551 μέν
574 2467 665 2548 ἔταξε
692 2472 771 2545 τοὺς
800 2468 1023 2552 ὑπασπιστάς,
1053 2467 1123 2536 εἶτα

98 2580 177 2653 τοὺς
200 2576 465 2661 ἀργυράσπιδας,
493 2574 548 2642 ἐπί
571 2585 651 2641 πᾶσι
675 2575 713 2642 δὲ
735 2579 814 2652 τοὺς
837 2573 951 2653 ξένους
974 2575 1123 2642 καὶτῶν

99 2684 209 2749 ἀλλων
236 2685 314 2759 τοὺς
342 2684 390 2760 εἰς
416 2685 457 2749 τά
480 2684 697 2749 Μακεδονικά
723 2682 1037 2767 καθωπλισμένους,
1064 2683 1122 2749 καὶ

97 2792 162 2876 πρὸ
190 2789 319 2856 τούτων
347 2788 529 2875 ἐλέφαντας
556 2790 611 2855 καί
638 2801 706 2856 τῶν
733 2796 841 2870 ψιλῶν
869 2792 947 2868 τοὺς
976 2791 1120 2868 ἱκανούς.

61 2896 152 2964 4ἐπδ
182 2896 220 2963 δὲ
248 2897 286 2962 τὸ
317 2895 427 2975 δεξιὸν
456 2897 554 2983 κέρας
583 2895 680 2975 τάξας
710 2908 778 2963 τῶν
810 2895 936 2962 ίππέων
964 2897 1020 2962 καί
1051 2908 1121 2963 τῶν
1141 2919 1167 2961 ιι

97 3003 289 3090 ἐλεφάντων
307 3006 385 3082 τοὺς
404 3004 667 3090 ἀσθενεστέρους
691 3002 861 3081 ἀπέδειξεν
883 3005 1029 3088 ἡγεμόνα
1050 3015 1122 3071 τῶν

167 3198 185 3253 3
203 3197 301 3251 malim
320 3214 383 3251 cum
398 3197 487 3252 Wess.
503 3195 635 3266 προέταξε
653 3197 698 3267 (cf.
712 3196 776 3250 XIX
791 3201 833 3262 28,
844 3200 879 3265 4).
917 3196 968 3267 τὴν
984 3196 1119 3266 δύναμιν·

95 3271 160 3331 τοὺς
185 3267 213 3323 δ’
237 3266 390 3336 ἐλέφαντας
412 3269 607 3337 πληρώσαντες
628 3268 708 3335 libri;
734 3285 802 3323 corr.
822 3267 914 3322 Rhod.
987 3267 1022 3322 12
1044 3267 1120 3324 πλεί-

96 3360 145 3402 ους
162 3339 195 3395 Χ,
263 3339 297 3394 15
317 3338 344 3394 δ’
362 3337 436 3412 ἐνὸς]
457 3341 487 3394 δὲ
507 3340 570 3407 RX;
590 3341 624 3394 cf.
643 3339 708 3393 XVI
721 3346 800 3406 47,2.
865 3339 901 3394 16
917 3347 974 3394 τῶν
993 3344 1121 3408 συγκαθ-

87 3408 214 3465 ελόντων
232 3408 283 3466 τδν
297 3410 391 3483 μάγον
410 3409 534 3482 Σμέρδιν
554 3429 606 3466 om.
622 3411 679 3466 RX.
726 3411 762 3465 20
779 3411 888 3535 ψιλοϊςχ
907 3411 942 3465 cf.
956 3409 1021 3464 XIX
1035 3415 1119 3479 29‚6;

71 3482 207 3564 'stflcnole
221 3482 310 3538 Dind.
328 3485 464 3542 είΗειίί.
480 3485 539 3541 112
558 3502 587 3555 p.
602 3489 646 3540 13.
694 3481 731 3538 *λθ
750 3482 780 3537 δέ
799 3500 854 3538 om.
893 3525 898 3537 .
943 3480 1044 3551 2quq.
1063 3491 1120 3537 τῶν

54 3562 184 3605 παντων
203 3552 371 3633 Φίλιππον]
389 3559 514 3618 πάντων
532 3556 586 3618 τὸν
608 3562 641 3614 Φ.
653 3556 688 3612 F.
