2460 3848
430 193 584 262 01.118‚22
604 198 655 248 εοτ
670 209 696 248 a.
707 193 769 248 chr.
945 236 947 240 2
1042 197 1105 262 261

91 349 160 417 τοῖς
197 339 371 426 συνέδροις
407 341 483 425 τρία
515 340 721 425 στρατόπεδα
751 343 953 424 ποιήσαντας
984 337 1020 404 ἐκ
1052 349 1109 424 τής

91 448 217 524 πόλεως
253 444 428 529 ἐκπέμψαι,
465 446 502 511 τὸ
538 446 600 530 μὲν
636 444 691 511 ἐπὶ
726 447 784 523 τάς
819 448 1109 532 παραθαλαττίους

91 555 218 637 πόλεις,
244 554 282 618 τὸ
310 554 343 617 δ’
364 554 412 629 εἰς
440 554 500 637 τήν
526 555 711 636 μεσόγειον,
740 554 778 620 τὸ
807 552 838 618 δ’
860 554 907 630 είς
933 555 1013 630 τοὺς
1039 555 1108 618 ἀνω

90 662 222 736 τόπους.
272 658 423 742 ἐνόμιζον
452 661 516 745 γάρ
547 669 645 726 τοῦτο
674 657 857 744 πράξαντες
886 671 1019 745 πρῶτον
1048 660 1143 743 μένε

59 769 151 851 ετήν
174 769 274 832 πόλιν
294 763 494 844 ἀπαλλάξειν
516 776 574 850 της
596 769 803 852 πολιορκίας,
827 767 892 848 ἀμα
915 766 953 832 δὲ
974 767 1030 832 καλ
1051 778 1109 852 τής

91 874 265 950 σιτοδείας·
296 878 432 939 πολλῶν
460 875 524 959 γάρ
555 872 611 938 καί
639 873 862 938 παντοδαπῶν
892 874 1001 957 όχλων
1028 890 1109 956 συμ-

89 961 307 1065 πεφευγότων
343 981 391 1057 εἰς
426 981 487 1064 τήν
524 980 726 1066 Καρχηδόνα
762 979 939 1062 συνέβαινε
975 980 1109 1046 πάντων

90 1086 265 1170 γεγονέναι
287 1086 421 1171 σπάνιν,
445 1084 702 1170 ἐξανηλωμένων
723 1086 787 1171 ήδη
811 1097 879 1155 τῶν
902 1084 1108 1171 ἐπιτηδείων·

90 1193 154 1259 ἀπὸ
185 1193 223 1258 δὲ
251 1203 309 1277 τής
337 1195 531 1279 πολιορκίας
560 1194 622 1259 οὐκ
650 1189 693 1277 ήν
722 1193 895 1277 κίνδυνος,
927 1193 1108 1279 ἀπροσίτου

46 1320 72 1359 10
89 1311 147 1386 τῆς
176 1303 303 1378 πόλεως
333 1301 435 1385 οόσης
465 1300 520 1365 διά
549 1302 611 1384 τήν
639 1299 703 1365 ἀπὸ
731 1311 799 1364 τῶν
825 1310 943 1383 τειχῶν
970 1300 1026 1365 καί
1052 1310 1109 1384 τής

89 1407 256 1491 θαλάττης
292 1407 487 1492 ὀχυρότητα·
526 1402 635 1472 ἔπειθ’
664 1406 901 1488 ὑπελάμβανον
936 1405 992 1471 καλ
1031 1409 1143 1483 τοὺςε

89 1514 281 1599 συμμάχους
317 1513 486 1596 διαμένειν
517 1516 644 1595 μᾶλλον
675 1515 840 1578 πλειόνων
877 1511 1109 1597 στρατοπέδων

88 1621 197 1687 όντων
219 1619 257 1687 έν
280 1620 437 1707 ὑπαίθρῳ
460 1630 528 1685 τῶν
550 1619 873 1705 παραβοηθούντων·
897 1619 935 1684 τὸ
959 1619 997 1684 δὲ
1019 1618 1108 1703 μέγι-

89 1745 180 1811 στον,
213 1728 351 1811 ήλπιζον
382 1726 439 1792 καί
470 1728 548 1804 τοὺς
579 1729 759 1808 πολεμίους
790 1726 1108 1811 ἀναγκασθήσεσθαι

43 1853 69 1894 ιε
88 1836 231 1920 μερίζειν
262 1836 324 1912 τάς
353 1833 510 1916 δυνάμεις
545 1833 601 1898 καί
636 1835 766 1919 μακράν
798 1833 1015 1899 ἀποσπᾶσθαι
1050 1843 1108 1918 τῆς

88 1941 314 2025 Καρχηδόνος.
360 1941 443 2027 άπερ
472 1941 601 2006 ἀπαντα
627 1942 709 2006 κατὰ
736 1942 798 2025 τήν
821 1938 974 2006 ἐπίνοιαν
997 1939 1108 2006 αὐτῶν

89 2047 324 2131 συνετελέσθη·
353 2050 558 2133 τρισμυρίων
580 2047 641 2130 μὲν
664 2048 727 2133 γάρ
756 2057 965 2132 στρατιωτῶν
988 2045 1024 2112 ἐκ
1051 2056 1144 2131 τής4

88 2155 215 2231 πόλεως
242 2152 503 2238 ἐκπεμφθέντων
526 2155 559 2220 ολ
585 2156 858 2236 καταλειπόμενοι
885 2150 1024 2239 έμποροι
1047 2152 1108 2237 οὐχ

89 2251 163 2324 οἷον
188 2261 284 2326 ἱκανά
306 2261 390 2345 πρὸς
413 2260 612 2346 αὐτάρκειαν
635 2255 736 2346 εἶχον,
766 2260 839 2326 ἀλλ’
857 2258 893 2325 ἐκ
916 2261 1109 2346 περιουσίας

43 2386 70 2426 ιο
88 2364 232 2450 ἐχρῶντο
262 2367 416 2447 δαψιλέσι
442 2376 555 2452 πᾶσιν,
584 2368 678 2433 οἵτε
706 2368 871 2452 σύμμαχοι
898 2367 935 2432 τὸ
959 2367 1024 2451 πρὸ
1047 2375 1107 2431 τοῦ

89 2472 144 2538 διά
185 2475 244 2539 τὸν
285 2473 349 2540 ἀπὸ
390 2485 457 2540 τῶν
495 2476 662 2555 πολεμίων
699 2477 809 2559 φόβον
850 2474 1108 2558 ἀναγκαζόμενοι

87 2583 333 2662 προστίθεσθαι
360 2591 430 2659 τοῖς
457 2583 626 2663 πολεμίοις
653 2583 727 2646 τότε
754 2581 855 2648 πάλιν
878 2585 1109 2675 θαρρήσαντες

158 2772 183 2826 3.
199 2772 217 2826 4
239 2775 304 2841 post
327 2770 420 2836 πόλεις
442 2773 537 2843 pergit
556 2774 591 2827 F:
617 2770 649 2829 τὸ
668 2773 699 2828 δέ
718 2773 764 2828 ἐπὶ
782 2775 847 2837 τοὺς
866 2772 924 2829 ἀνω
942 2771 1058 2842 τόπους,
1077 2770 1107 2829 τὸ

88 2841 114 2896 δ’
133 2843 179 2897 ἐπὶ
197 2843 249 2912 τήν
268 2843 421 2914 μεσογαίαν
444 2852 523 2914 (corr.
544 2851 568 2899 2.
583 2863 619 2898 m.
639 2845 669 2898 in
687 2847 796 2914 marg).
869 2845 887 2899 4
904 2845 1066 2914 πράξαντας
1083 2844 1109 2897 Β

88 2918 175 3005 (νοτε,
188 2921 212 2969 θ.
227 2917 274 2984 m.)
293 2916 324 2971 F.
396 2915 590 2982 ὅάπαλλάξαι
607 2916 638 2972 F.
693 2915 751 2984 ἅμα
772 2922 819 2970 va?
844 2916 928 2970 Dind.
1001 2916 1019 2969 6
1042 2932 1108 2983 συμ-

86 3006 231 3129 ίῖίίίίίή
249 2985 282 3112 λ’
298 2983 1108 3128 ειἶίέαλῖλῗλλίωλῖιιάίῗὸιόλἷῆέεόῗλεέέ.ἦέ.

86 3127 151 3182 XIV
166 3136 208 3196 35,
223 3133 264 3198 4);
290 3128 305 3184 ό
332 3130 363 3184 δὲ
388 3137 436 3199 τής
458 3133 519 3184 πολ.
541 3130 593 3184 οάκ
615 3127 683 3199 ήνία
705 3127 838 3193 κίνδυνος
861 3129 953 3183 Madv.
972 3128 986 3182 I
1003 3147 1031 3198 p.
1047 3134 1107 3184 515.

88 3199 121 3253 11
148 3199 237 3270 όχυρά
262 3198 332 3269 πρὸς
357 3199 523 3269 πολιορκίαν
541 3201 558 3271 ή
577 3202 735 3270 Καρχηδὼν
754 3201 784 3254 in
802 3217 891 3270 marg.
910 3200 971 3255 οοδ.
990 3200 1012 3253 F
1031 3205 1055 3255 θ.
1070 3218 1107 3255 m.

86 3269 122 3324 12
146 3269 288 3341 διαμένειν
314 3271 408 3337 οοδδ.;
435 3275 578 3341 διαμενεῖν
604 3273 680 3339 edd.;
708 3272 743 3327 ef.
762 3271 827 3326 XIV
840 3277 884 3338 48,
898 3278 923 3326 4.
995 3271 1031 3326 15
1054 3271 1107 3326 ἀπ-

87 3340 1107 3413 smmfflKIMmmmss.fflmmmssffi

88 3413 153 3466 dero
183 3413 213 3468 έν
240 3418 273 3486 τῇ
300 3412 380 3469 πόλει
406 3414 451 3468 ve}
477 3414 535 3468 tale
563 3415 646 3482 quid'
673 3415 771 3479 Dind.;
802 3414 957 3484 ἔμφρουρον
982 3415 1120 3466 Μεδελ

86 3501 120 3574 p‘.
130 3489 189 3607 51F4.
263 3486 298 3540 19
316 3486 356 3548 είς
374 3483 535 3554 περιουσίας
552 3485 615 3541 ΚΧ.
685 3485 725 3542 ‘m
745 3486 775 3540 ολ
793 3486 844 3540 δελ
857 3484 958 3536 M.
1021 3479 1070 3528 Ἃ
1083 3474 1142 3524 εὴ

84 3574 140 3608 των
180 3597 185 3609 ,
566 3602 569 3608 ,
