2460 3848
109 205 173 270 190
222 281 226 288 Ι
473 201 758 258 Diodor.xx12.13.

108 350 225 426 σόντος
262 349 294 413 ολ
330 347 391 430 μὲν
427 347 529 438 ταύτη
561 347 752 431 τεταγμένοι
783 358 851 414 τῶν
882 347 1125 433 Καρχηδονίων

108 455 338 540 ἀνετράπησαν
361 464 433 532 ταῖς
454 464 590 539 ψυχαῖς,
618 455 651 521 οἱ
678 454 716 519 δὲ
743 455 819 538 περί
843 456 903 520 τὸν
921 454 1126 539 Ἀγαθοκλέα

72 561 384 647 ῖμετεωρισθέντες
419 563 505 628 πολὺ
541 567 669 644 μᾶλλον
700 559 970 647 ἐπερρώσθησαν.
1025 561 1046 626 ἀ
1083 561 1124 646 δή

107 670 300 751 πυθόμενός
322 691 424 734 τινων
447 670 648 754 Βορμίλκας,
676 667 694 733 δ
718 667 828 753 ἕτερος
852 670 1047 753 στρατηγός,
1069 668 1125 734 καί

106 777 245 859 νομίσας
277 777 366 860 παρά
396 782 489 841 θεῶν
521 774 609 861 αὐτῷ
642 775 804 840 δεδόσθαι
833 776 893 840 τὸν
920 776 1037 860 καιρὸν
1064 784 1125 840 τοῦ
1158 797 1170 837 ε

108 886 223 965 λαβεῖν
252 881 404 967 ἀφορμάς
435 883 519 967 πρὸς
547 883 609 966 τήν
641 880 795 947 ἐπίθεσιν
825 890 884 966 τής
914 881 1125 967 τυραννίδος,

108 990 304 1072 διελογίζετο
331 990 416 1074 πρὸς
443 988 556 1072 αὑτόν,
586 990 616 1053 εί
644 989 704 1070 μὲν
730 989 750 1072 ή
779 990 859 1072 μετὰ
883 987 1126 1072 Ἀγαθοκλέους

107 1096 311 1181 διαφθαρείη
349 1095 504 1179 δύναμις,
545 1097 588 1180 μή
630 1096 838 1180 δυνήσεσθαι
873 1098 935 1180 τήν
971 1094 1126 1161 ἐπίθεσιν

107 1205 312 1286 ποιήσασθαι
333 1212 374 1288 τῇ
398 1203 588 1289 δυναστεία,
611 1213 678 1268 τών
701 1207 847 1268 πολιτῶν
871 1204 1066 1287 ἰσχυόντων,
1096 1204 1126 1268 εῖ

93 1310 145 1375 δὲ
167 1308 293 1387 ἐκεῖνος
315 1313 452 1394 νικήσας
473 1311 515 1375 τὰ
538 1314 734 1395 φρονήματα
756 1309 931 1394 παρέλοιτο
949 1319 1017 1375 τῶν
1035 1313 1126 1393 Καρ·
1146 1332 1172 1372 ιο

106 1417 284 1501 χηδουίων,
307 1416 524 1502 εὐχειρώτους
545 1416 606 1499 μὲν
629 1415 735 1504 ἑαυτῷ
758 1419 837 1493 τοὺς
859 1415 1126 1501 προηττημένους

107 1520 259 1606 ἔσεσθαι,
295 1524 355 1588 τὸν
389 1523 421 1587 δ’
445 1523 648 1606 Ἀγαθοκλέα
680 1523 802 1611 ῥᾳδίως
833 1527 1127 1608 καταπολεμήσειν,

72 1631 187 1696 οόταν
207 1630 295 1718 αὐτῷ
317 1628 405 1720 δόξη.
441 1639 545 1696 ταῦτα
563 1630 601 1695 δὲ
623 1631 817 1714 διανοηθείς
840 1630 1027 1715 ἀνεχώρησε
1046 1632 1127 1712 μετὰ

106 1747 174 1802 τῶν
205 1747 456 1822 πρωτοστατῶν,
491 1736 572 1814 δοὺς
602 1747 672 1815 τοῖς
704 1737 765 1819 μὲν
797 1738 966 1818 πολεμίοις
997 1737 1127 1820 ἀσημον

34 1838 35 1842 “
107 1839 256 1927 ἔκκλιμα,
279 1853 348 1921 τοῖς
367 1843 399 1907 δ’
415 1843 512 1921 ίδίοις
536 1844 687 1928 δηλώσας
709 1844 768 1909 τὸν
782 1841 953 1920 ’Ἀννωνος
974 1844 1126 1910 θάνατον
1146 1865 1172 1906 ιε

107 1950 162 2016 καί
193 1952 498 2035 παρακελευόμενος
534 1949 719 2036 ἀναχωρεῖν
750 1949 788 2016 ἐν
824 1948 912 2028 τάξει
947 1951 1031 2035 πρὸς
1066 1953 1127 2016 τὸν

72 2075 87 2125 ῖ
106 2057 293 2142 γεώλοφον·
316 2066 415 2123 τοῦτο
438 2059 502 2143 γάρ
526 2057 717 2142 συμφέρειν.
764 2054 978 2141 ἐπικειμένων
999 2056 1036 2122 δὲ
1058 2068 1128 2122 τῶν

106 2166 273 2248 πολεμίων
300 2164 356 2230 καί
382 2174 440 2248 τής
467 2165 546 2248 ὅλης
573 2163 814 2249 ὑποχωρήσεως
840 2173 931 2250 φυγή
955 2170 1127 2248 παραπλη-

107 2273 180 2348 σίας
207 2270 383 2355 γινομένης
411 2272 444 2336 ολ
470 2270 531 2352 μὲν
558 2279 708 2354 συνεχεῖς
735 2272 860 2353 Λίβυες
889 2270 953 2336 ἀπὸ
984 2271 1127 2357 κράτους

106 2378 269 2462 ήττήσθαι
298 2380 377 2455 τοὺς
408 2377 639 2463 πρωτοστάτας
670 2379 866 2461 νομίσαντες
897 2378 979 2463 πρὸς
1012 2379 1127 2463 φυγήν
1145 2400 1173 2439 ιο

107 2484 275 2569 ὥρμησαν,
310 2485 343 2548 ολ
375 2483 412 2548 δὲ
443 2485 503 2548 τὸν
537 2485 627 2570 ίερὸν
660 2486 760 2569 λόχον
792 2481 923 2570 ἔχοντες
954 2486 1034 2568 μετά
1066 2485 1126 2550 τὸν

98 2587 268 2668 ’Ἀννωνος
307 2599 368 2656 τοῦ
411 2599 596 2675 στρατηγοῦ
633 2591 784 2657 θάνατον
821 2591 857 2656 τὸ
894 2591 956 2676 μὲν
992 2601 1126 2674 πρῶτον

107 2696 260 2782 ἀντεῖχον
296 2697 468 2783 εὐρώστως
503 2697 559 2763 καί
598 2701 677 2775 τοὺς
717 2695 751 2775 ἐξ
793 2697 904 2763 αὑτῶν
944 2700 1127 2776 πίπτοντας

106 2804 364 2888 ὑπερβαίνοντες
386 2804 552 2888 ὑπέμενον
573 2805 680 2871 πάντα
702 2805 875 2887 κίνδυνον,
898 2803 969 2870 ἐπεῖ
993 2805 1030 2870 δὲ
1049 2829 1127 2870 κατ·
1175 2891 1177 2893 ‚

107 2912 250 2994 ενόησαν
279 2912 316 2976 τὸ
347 2917 463 2977 πλεῖον
492 2910 590 2995 μέρος
616 2921 675 2995 της
701 2910 872 2994 δυνάμεως
900 2913 983 2997 πρὸς
1011 2913 1127 2996 φυγήν
1145 2934 1172 2975 ει

107 3017 303 3102 ὡρμημένον
333 3017 389 3082 καί
419 3020 498 3095 τοὺς
529 3020 707 3103 πολεμίους
738 3018 1012 3102 περιισταμένους
1042 3020 1126 3084 κατά

71 3124 231 3208 ενώτου,
263 3126 589 3211 συνηναγκάσθησαν
620 3124 775 3191 ἐκκλῖναι.
828 3124 881 3190 διὸ
914 3126 969 3191 καὶ
1001 3136 1127 3211 τροπῆς

177 3352 195 3406 ὑ
220 3353 295 3426 αὑτῷ
316 3353 346 3410 F.
420 3355 435 3409 7
459 3349 546 3408 αὑτὸν
568 3352 594 3406 X
621 3349 721 3410 ἑαυτὸν
744 3354 774 3408 F.
847 3353 865 3408 8
890 3356 1040 3424 διαφθαρῇ
1065 3353 1125 3411 RX.

97 3423 139 3476 11
164 3424 381 3497 πρωτοστατῶν]
411 3433 584 3493 στρατιωτῶν
608 3425 638 3480 F.
720 3425 755 3479 15
783 3424 917 3494 ἔκκλιμμα
944 3425 982 3493 Ιῖς
1010 3425 1127 3495 ἔγκλιμα

69 3489 223 3629 ιι
654 3495 812 3568 55
1002 3496 1032 3552 ι·
