<?xml version="1.0" encoding="UTF-8"?>
<!DOCTYPE html PUBLIC "-//W3C//DTD XHTML 1.0 Transitional//EN"
    "http://www.w3.org/TR/xhtml1/DTD/xhtml1-transitional.dtd">
<html xmlns="http://www.w3.org/1999/xhtml" xml:lang="en" lang="en">
 <head>
  <title>
</title>
<meta http-equiv="Content-Type" content="text/html;charset=utf-8" />
  <meta name='ocr-system' content='tesseract 3.04.00' />
  <meta name='ocr-capabilities' content='ocr_page ocr_carea ocr_par ocr_line ocrx_word'/>
</head>
<body>
  <div class='ocr_page' id='page_1' title='image "./diodoribiblioth00vogegoog/diodoribiblioth00vogegoog_0175.png"; bbox 0 0 2460 3848; ppageno 0'>
   <div class='ocr_carea' id='block_1_1' title="bbox 111 205 770 275">
    <p class='ocr_par' dir='ltr' id='par_1_1' title="bbox 111 205 770 275">
     <span class='ocr_line' id='line_1_1' title="bbox 111 205 770 275; baseline -0.026 1"><span class='ocrx_word' id='word_1_1' title='bbox 111 209 175 275; x_wconf 80' lang='lat'><strong><em>150</em></strong></span> <span class='ocrx_word' id='word_1_2' title='bbox 470 205 770 263; x_wconf 62' lang='lat' dir='ltr'>Diodofflxsaw.</span> 
     </span>
    </p>
   </div>
   <div class='ocr_carea' id='block_1_2' title="bbox 57 348 1187 3431">
    <p class='ocr_par' dir='ltr' id='par_1_2' title="bbox 108 348 1132 440">
     <span class='ocr_line' id='line_1_2' title="bbox 108 348 1132 440; baseline 0.001 -23"><span class='ocrx_word' id='word_1_3' title='bbox 108 353 295 438; x_wconf 74' lang='grc' dir='ltr'><strong><em>γράψαντες</em></strong></span> <span class='ocrx_word' id='word_1_4' title='bbox 317 355 458 440; x_wconf 80' lang='grc' dir='ltr'><strong><em>Συρίοις</em></strong></span> <span class='ocrx_word' id='word_1_5' title='bbox 482 352 650 439; x_wconf 91' lang='grc' dir='ltr'><strong><em>γράμμασι</em></strong></span> <span class='ocrx_word' id='word_1_6' title='bbox 676 362 744 418; x_wconf 82' lang='grc' dir='ltr'><strong><em>τῶν</em></strong></span> <span class='ocrx_word' id='word_1_7' title='bbox 766 351 828 435; x_wconf 77' lang='grc' dir='ltr'><strong><em>μὲν</em></strong></span> <span class='ocrx_word' id='word_1_8' title='bbox 850 352 927 438; x_wconf 85' lang='grc' dir='ltr'><strong><em>περί</em></strong></span> <span class='ocrx_word' id='word_1_9' title='bbox 950 348 1132 437; x_wconf 82' lang='grc' dir='ltr'><strong><em>Ἀθήναιον</em></strong></span> 
     </span>
    </p>

    <p class='ocr_par' dir='ltr' id='par_1_3' title="bbox 74 456 1177 1509">
     <span class='ocr_line' id='line_1_3' title="bbox 74 456 1132 546; baseline 0 -21"><span class='ocrx_word' id='word_1_10' title='bbox 74 477 89 525; x_wconf 75' lang='grc' dir='ltr'><strong><em>ι</em></strong></span> <span class='ocrx_word' id='word_1_11' title='bbox 109 461 327 546; x_wconf 89' lang='grc' dir='ltr'><strong><em>κατηγόρουν,</em></strong></span> <span class='ocrx_word' id='word_1_12' title='bbox 350 459 435 546; x_wconf 77' lang='grc' dir='ltr'><strong><em>ὑπὲρ</em></strong></span> <span class='ocrx_word' id='word_1_13' title='bbox 459 457 587 525; x_wconf 82' lang='grc' dir='ltr'><strong><em>ἑαυτῶν</em></strong></span> <span class='ocrx_word' id='word_1_14' title='bbox 606 459 644 524; x_wconf 79' lang='grc' dir='ltr'><strong><em>δὲ</em></strong></span> <span class='ocrx_word' id='word_1_15' title='bbox 667 458 901 543; x_wconf 73' lang='grc' dir='ltr'><strong><em>ἀπελογοῦντο.</em></strong></span> <span class='ocrx_word' id='word_1_16' title='bbox 939 459 956 524; x_wconf 89' lang='grc' dir='ltr'>ὁ</span> <span class='ocrx_word' id='word_1_17' title='bbox 981 456 1011 523; x_wconf 91' lang='grc' dir='ltr'><strong><em>δ’</em></strong></span> <span class='ocrx_word' id='word_1_18' title='bbox 1026 456 1132 525; x_wconf 81' lang='grc' dir='ltr'><strong><em>Ἀντί-</em></strong></span> 
     </span>
     <span class='ocr_line' id='line_1_4' title="bbox 97 564 1132 654; baseline -0.001 -22"><span class='ocrx_word' id='word_1_19' title='bbox 97 591 209 650; x_wconf 88' lang='grc' dir='ltr'><strong><em>γονος</em></strong></span> <span class='ocrx_word' id='word_1_20' title='bbox 236 564 443 654; x_wconf 85' lang='grc' dir='ltr'><strong><em>ἀντέγραψεν</em></strong></span> <span class='ocrx_word' id='word_1_21' title='bbox 470 566 598 650; x_wconf 82' lang='grc' dir='ltr'><strong><em>αὐτοῖς,</em></strong></span> <span class='ocrx_word' id='word_1_22' title='bbox 627 577 894 653; x_wconf 82' lang='grc' dir='ltr'><strong><em>προσμαρτυρῶν</em></strong></span> <span class='ocrx_word' id='word_1_23' title='bbox 921 567 966 643; x_wconf 84' lang='grc' dir='ltr'><strong><em>ὡς</em></strong></span> <span class='ocrx_word' id='word_1_24' title='bbox 996 567 1132 643; x_wconf 77' lang='grc' dir='ltr'><strong><em>δικαίως</em></strong></span> 
     </span>
     <span class='ocr_line' id='line_1_5' title="bbox 108 669 1131 758; baseline 0 -20"><span class='ocrx_word' id='word_1_25' title='bbox 108 673 170 756; x_wconf 79' lang='grc' dir='ltr'><strong><em>μὲν</em></strong></span> <span class='ocrx_word' id='word_1_26' title='bbox 205 673 392 757; x_wconf 90' lang='grc' dir='ltr'><strong><em>ήμύναντο,</em></strong></span> <span class='ocrx_word' id='word_1_27' title='bbox 432 684 500 738; x_wconf 83' lang='grc' dir='ltr'><strong><em>τῶν</em></strong></span> <span class='ocrx_word' id='word_1_28' title='bbox 536 672 575 737; x_wconf 79' lang='grc' dir='ltr'><strong><em>δὲ</em></strong></span> <span class='ocrx_word' id='word_1_29' title='bbox 614 673 692 758; x_wconf 81' lang='grc' dir='ltr'><strong><em>περὶ</em></strong></span> <span class='ocrx_word' id='word_1_30' title='bbox 724 669 906 758; x_wconf 79' lang='grc' dir='ltr'><strong><em>Ἀθήναιον</em></strong></span> <span class='ocrx_word' id='word_1_31' title='bbox 944 676 1131 758; x_wconf 87' lang='grc' dir='ltr'><strong><em>κατήγορει,</em></strong></span> 
     </span>
     <span class='ocr_line' id='line_1_6' title="bbox 109 777 1176 867; baseline -0.002 -21"><span class='ocrx_word' id='word_1_32' title='bbox 109 780 248 865; x_wconf 89' lang='grc' dir='ltr'><strong><em>φάσκων</em></strong></span> <span class='ocrx_word' id='word_1_33' title='bbox 277 781 367 867; x_wconf 85' lang='grc' dir='ltr'><strong><em>παρά</em></strong></span> <span class='ocrx_word' id='word_1_34' title='bbox 396 781 454 856; x_wconf 86' lang='grc' dir='ltr'><strong><em>τάς</em></strong></span> <span class='ocrx_word' id='word_1_35' title='bbox 484 778 664 863; x_wconf 71' lang='grc' dir='ltr'><strong><em>δεδομένας</em></strong></span> <span class='ocrx_word' id='word_1_36' title='bbox 693 777 830 856; x_wconf 85' lang='grc' dir='ltr'><strong><em>ἐντολάς</em></strong></span> <span class='ocrx_word' id='word_1_37' title='bbox 858 779 915 844; x_wconf 85' lang='grc' dir='ltr'><strong><em>ὑπ’</em></strong></span> <span class='ocrx_word' id='word_1_38' title='bbox 941 779 1044 845; x_wconf 85' lang='grc' dir='ltr'><strong><em>αὐτοῦ</em></strong></span> <span class='ocrx_word' id='word_1_39' title='bbox 1074 801 1132 845; x_wconf 86' lang='grc' dir='ltr'><strong><em>πε·</em></strong></span> <span class='ocrx_word' id='word_1_40' title='bbox 1164 803 1176 844; x_wconf 85' lang='grc' dir='ltr'><strong><em>ε</em></strong></span> 
     </span>
     <span class='ocr_line' id='line_1_7' title="bbox 108 883 1132 973; baseline 0 -21"><span class='ocrx_word' id='word_1_41' title='bbox 108 893 271 972; x_wconf 79' lang='grc' dir='ltr'><strong><em>πονήσθαι</em></strong></span> <span class='ocrx_word' id='word_1_42' title='bbox 302 888 364 972; x_wconf 81' lang='grc' dir='ltr'><strong><em>τήν</em></strong></span> <span class='ocrx_word' id='word_1_43' title='bbox 396 885 560 952; x_wconf 84' lang='grc' dir='ltr'><strong><em>ἐπίθεσιν.</em></strong></span> <span class='ocrx_word' id='word_1_44' title='bbox 614 895 713 952; x_wconf 83' lang='grc' dir='ltr'><strong><em>τοῦτο</em></strong></span> <span class='ocrx_word' id='word_1_45' title='bbox 747 883 778 951; x_wconf 90' lang='grc' dir='ltr'><strong><em>δ’</em></strong></span> <span class='ocrx_word' id='word_1_46' title='bbox 805 883 942 973; x_wconf 76' lang='grc' dir='ltr'><strong><em>ἔπραττε</em></strong></span> <span class='ocrx_word' id='word_1_47' title='bbox 974 887 1132 972; x_wconf 91' lang='grc' dir='ltr'><strong><em>κρύπτων</em></strong></span> 
     </span>
     <span class='ocr_line' id='line_1_8' title="bbox 108 992 1133 1079; baseline -0.001 -21"><span class='ocrx_word' id='word_1_48' title='bbox 108 995 170 1078; x_wconf 83' lang='grc' dir='ltr'><strong><em>τήν</em></strong></span> <span class='ocrx_word' id='word_1_49' title='bbox 198 992 318 1060; x_wconf 79' lang='grc' dir='ltr'><strong><em>ἑαυτοῦ</em></strong></span> <span class='ocrx_word' id='word_1_50' title='bbox 346 995 543 1079; x_wconf 88' lang='grc' dir='ltr'><strong><em>προαίρεσιν</em></strong></span> <span class='ocrx_word' id='word_1_51' title='bbox 573 993 630 1058; x_wconf 82' lang='grc' dir='ltr'><strong><em>καί</em></strong></span> <span class='ocrx_word' id='word_1_52' title='bbox 660 994 865 1076; x_wconf 89' lang='grc' dir='ltr'><strong><em>βουλόμενος</em></strong></span> <span class='ocrx_word' id='word_1_53' title='bbox 896 992 1133 1078; x_wconf 76' lang='grc' dir='ltr'><strong><em>ὑπαγαγέσθαι</em></strong></span> 
     </span>
     <span class='ocr_line' id='line_1_9' title="bbox 108 1099 1133 1188; baseline 0 -23"><span class='ocrx_word' id='word_1_54' title='bbox 108 1103 187 1178; x_wconf 87' lang='grc' dir='ltr'><strong><em>τοὺς</em></strong></span> <span class='ocrx_word' id='word_1_55' title='bbox 215 1100 407 1186; x_wconf 80' lang='grc' dir='ltr'><strong><em>βαρβάρους</em></strong></span> <span class='ocrx_word' id='word_1_56' title='bbox 434 1102 482 1177; x_wconf 90' lang='grc' dir='ltr'><strong><em>είς</em></strong></span> <span class='ocrx_word' id='word_1_57' title='bbox 508 1101 691 1188; x_wconf 79' lang='grc' dir='ltr'><strong><em>ῥᾳθυμίαν,</em></strong></span> <span class='ocrx_word' id='word_1_58' title='bbox 719 1100 808 1177; x_wconf 84' lang='grc' dir='ltr'><strong><em>όπως</em></strong></span> <span class='ocrx_word' id='word_1_59' title='bbox 835 1100 1039 1177; x_wconf 81' lang='grc' dir='ltr'><strong><em>ἀνελπίστως</em></strong></span> <span class='ocrx_word' id='word_1_60' title='bbox 1062 1099 1133 1166; x_wconf 89' lang='grc' dir='ltr'><strong><em>ἐπι-</em></strong></span> 
     </span>
     <span class='ocr_line' id='line_1_10' title="bbox 108 1204 1132 1297; baseline 0.001 -25"><span class='ocrx_word' id='word_1_61' title='bbox 108 1206 251 1289; x_wconf 88' lang='grc' dir='ltr'><strong><em>θέμενος</em></strong></span> <span class='ocrx_word' id='word_1_62' title='bbox 281 1210 428 1297; x_wconf 78' lang='grc' dir='ltr'><strong><em>κρατήσῃ</em></strong></span> <span class='ocrx_word' id='word_1_63' title='bbox 460 1216 518 1292; x_wconf 83' lang='grc' dir='ltr'><strong><em>τής</em></strong></span> <span class='ocrx_word' id='word_1_64' title='bbox 549 1205 718 1292; x_wconf 84' lang='grc' dir='ltr'><strong><em>ἐπιβολῆς·</em></strong></span> <span class='ocrx_word' id='word_1_65' title='bbox 755 1207 796 1272; x_wconf 91' lang='grc' dir='ltr'><strong><em>ού</em></strong></span> <span class='ocrx_word' id='word_1_66' title='bbox 833 1208 897 1294; x_wconf 86' lang='grc' dir='ltr'><strong><em>γάρ</em></strong></span> <span class='ocrx_word' id='word_1_67' title='bbox 934 1204 1053 1296; x_wconf 79' lang='grc' dir='ltr'><strong><em>ῥᾴδιον</em></strong></span> <span class='ocrx_word' id='word_1_68' title='bbox 1088 1204 1132 1292; x_wconf 81' lang='grc' dir='ltr'><strong><em>ήν</em></strong></span> 
     </span>
     <span class='ocr_line' id='line_1_11' title="bbox 109 1313 1177 1408; baseline -0.002 -29"><span class='ocrx_word' id='word_1_69' title='bbox 109 1315 190 1379; x_wconf 88' lang='grc' dir='ltr'><strong><em>άνευ</em></strong></span> <span class='ocrx_word' id='word_1_70' title='bbox 219 1314 321 1379; x_wconf 92' lang='grc' dir='ltr'><strong><em>δόλου</em></strong></span> <span class='ocrx_word' id='word_1_71' title='bbox 343 1315 440 1408; x_wconf 16' lang='grc' dir='ltr'><strong><em>’τινὸς</em></strong></span> <span class='ocrx_word' id='word_1_72' title='bbox 467 1313 602 1400; x_wconf 82' lang='grc' dir='ltr'><strong><em>ἀνδρῶν</em></strong></span> <span class='ocrx_word' id='word_1_73' title='bbox 629 1313 866 1400; x_wconf 72' lang='grc' dir='ltr'><strong><em>περιγενέσθαι</em></strong></span> <span class='ocrx_word' id='word_1_74' title='bbox 894 1315 1024 1398; x_wconf 78' lang='grc' dir='ltr'><strong><em>νομάδα</em></strong></span> <span class='ocrx_word' id='word_1_75' title='bbox 1053 1316 1132 1397; x_wconf 91' lang='grc' dir='ltr'><strong><em>βίον</em></strong></span> <span class='ocrx_word' id='word_1_76' title='bbox 1151 1338 1177 1378; x_wconf 78' lang='grc' dir='ltr'><strong><em>ιο</em></strong></span> 
     </span>
     <span class='ocr_line' id='line_1_12' title="bbox 109 1419 1132 1509; baseline 0.001 -23"><span class='ocrx_word' id='word_1_77' title='bbox 109 1419 319 1504; x_wconf 81' lang='grc' dir='ltr'><strong><em>ἐζηλωκότων</em></strong></span> <span class='ocrx_word' id='word_1_78' title='bbox 350 1421 406 1486; x_wconf 81' lang='grc' dir='ltr'><strong><em>καὶ</em></strong></span> <span class='ocrx_word' id='word_1_79' title='bbox 437 1423 634 1506; x_wconf 81' lang='grc' dir='ltr'><strong><em>καταφυγήν</em></strong></span> <span class='ocrx_word' id='word_1_80' title='bbox 671 1421 852 1509; x_wconf 79' lang='grc' dir='ltr'><strong><em>ἀπρόσιτον</em></strong></span> <span class='ocrx_word' id='word_1_81' title='bbox 889 1420 1034 1507; x_wconf 91' lang='grc' dir='ltr'><strong><em>ἐχόντων</em></strong></span> <span class='ocrx_word' id='word_1_82' title='bbox 1069 1422 1132 1506; x_wconf 84' lang='grc' dir='ltr'><strong><em>τήν</em></strong></span> 
     </span>
    </p>

    <p class='ocr_par' dir='ltr' id='par_1_4' title="bbox 74 1524 1133 1827">
     <span class='ocr_line' id='line_1_13' title="bbox 74 1524 1132 1614; baseline 0 -21"><span class='ocrx_word' id='word_1_83' title='bbox 74 1525 241 1613; x_wconf 79' lang='grc' dir='ltr'><strong><em>ιέρημον.</em></strong></span> <span class='ocrx_word' id='word_1_84' title='bbox 293 1528 327 1593; x_wconf 81' lang='grc' dir='ltr'><strong><em>ολ</em></strong></span> <span class='ocrx_word' id='word_1_85' title='bbox 359 1525 390 1591; x_wconf 89' lang='grc' dir='ltr'><strong><em>δ’</em></strong></span> <span class='ocrx_word' id='word_1_86' title='bbox 406 1526 546 1614; x_wconf 74' lang='grc' dir='ltr'><strong><em>Ἄραβες</em></strong></span> <span class='ocrx_word' id='word_1_87' title='bbox 575 1538 764 1614; x_wconf 83' lang='grc' dir='ltr'><strong><em>περιχαρεῖς</em></strong></span> <span class='ocrx_word' id='word_1_88' title='bbox 793 1527 854 1610; x_wconf 79' lang='grc' dir='ltr'><strong><em>μὲν</em></strong></span> <span class='ocrx_word' id='word_1_89' title='bbox 882 1524 968 1612; x_wconf 85' lang='grc' dir='ltr'><strong><em>ήσαν</em></strong></span> <span class='ocrx_word' id='word_1_90' title='bbox 998 1526 1054 1594; x_wconf 81' lang='grc' dir='ltr'><strong><em>ἐπί</em></strong></span> <span class='ocrx_word' id='word_1_91' title='bbox 1084 1540 1132 1614; x_wconf 80' lang='grc' dir='ltr'><strong><em>τῷ</em></strong></span> 
     </span>
     <span class='ocr_line' id='line_1_14' title="bbox 109 1634 1132 1720; baseline 0.001 -20"><span class='ocrx_word' id='word_1_92' title='bbox 109 1636 222 1700; x_wconf 85' lang='grc' dir='ltr'><strong><em>δοκεῖν</em></strong></span> <span class='ocrx_word' id='word_1_93' title='bbox 243 1634 472 1700; x_wconf 87' lang='grc' dir='ltr'><strong><em>ἀπολελύσθαι</em></strong></span> <span class='ocrx_word' id='word_1_94' title='bbox 494 1635 647 1718; x_wconf 88' lang='grc' dir='ltr'><strong><em>μεγάλων</em></strong></span> <span class='ocrx_word' id='word_1_95' title='bbox 666 1636 795 1720; x_wconf 89' lang='grc' dir='ltr'><strong><em>φόβων,</em></strong></span> <span class='ocrx_word' id='word_1_96' title='bbox 819 1634 858 1700; x_wconf 91' lang='grc' dir='ltr'><strong><em>ού</em></strong></span> <span class='ocrx_word' id='word_1_97' title='bbox 877 1636 944 1719; x_wconf 83' lang='grc' dir='ltr'><strong><em>μήν</em></strong></span> <span class='ocrx_word' id='word_1_98' title='bbox 961 1640 1132 1713; x_wconf 82' lang='grc' dir='ltr'><strong><em>παντελῶς</em></strong></span> 
     </span>
     <span class='ocr_line' id='line_1_15' title="bbox 109 1739 1133 1827; baseline -0.001 -20"><span class='ocrx_word' id='word_1_99' title='bbox 109 1739 285 1810; x_wconf 87' lang='grc' dir='ltr'><strong><em>ἐπίστευόν</em></strong></span> <span class='ocrx_word' id='word_1_100' title='bbox 303 1764 342 1825; x_wconf 91' lang='grc' dir='ltr'><strong><em>γε</em></strong></span> <span class='ocrx_word' id='word_1_101' title='bbox 360 1751 430 1818; x_wconf 80' lang='grc' dir='ltr'><strong><em>τοῖς</em></strong></span> <span class='ocrx_word' id='word_1_102' title='bbox 445 1742 639 1826; x_wconf 84' lang='grc' dir='ltr'><strong><em>Ἀντιγόνου</em></strong></span> <span class='ocrx_word' id='word_1_103' title='bbox 659 1745 785 1827; x_wconf 86' lang='grc' dir='ltr'><strong><em>λόγοις,</em></strong></span> <span class='ocrx_word' id='word_1_104' title='bbox 809 1741 892 1807; x_wconf 86' lang='grc' dir='ltr'><strong><em>ἀλλά</em></strong></span> <span class='ocrx_word' id='word_1_105' title='bbox 915 1743 972 1818; x_wconf 85' lang='grc' dir='ltr'><strong><em>τάς</em></strong></span> <span class='ocrx_word' id='word_1_106' title='bbox 995 1740 1133 1819; x_wconf 77' lang='grc' dir='ltr'><strong><em>ἐλπίδας</em></strong></span> 
     </span>
    </p>

    <p class='ocr_par' dir='ltr' id='par_1_5' title="bbox 80 1842 1178 2256">
     <span class='ocr_line' id='line_1_16' title="bbox 80 1842 1178 1933; baseline 0 -21"><span class='ocrx_word' id='word_1_107' title='bbox 80 1881 81 1885; x_wconf 38' lang='lat'>¹</span> <span class='ocrx_word' id='word_1_108' title='bbox 109 1844 240 1933; x_wconf 76' lang='grc' dir='ltr'><strong><em>ἔχοντες</em></strong></span> <span class='ocrx_word' id='word_1_109' title='bbox 267 1846 556 1933; x_wconf 83' lang='grc' dir='ltr'><strong><em>ἀμφιδοξουμένας</em></strong></span> <span class='ocrx_word' id='word_1_110' title='bbox 584 1852 728 1927; x_wconf 83' lang='grc' dir='ltr'><strong><em>σκοποὺς</em></strong></span> <span class='ocrx_word' id='word_1_111' title='bbox 755 1848 817 1932; x_wconf 77' lang='grc' dir='ltr'><strong><em>μὲν</em></strong></span> <span class='ocrx_word' id='word_1_112' title='bbox 843 1849 1047 1933; x_wconf 84' lang='grc' dir='ltr'><strong><em>κατέστησαν</em></strong></span> <span class='ocrx_word' id='word_1_113' title='bbox 1066 1842 1132 1915; x_wconf 72' lang='grc' dir='ltr'><strong><em>’ἐπὶ</em></strong></span> <span class='ocrx_word' id='word_1_114' title='bbox 1152 1870 1178 1912; x_wconf 83' lang='grc' dir='ltr'><strong><em>ιι</em></strong></span> 
     </span>
     <span class='ocr_line' id='line_1_17' title="bbox 109 1950 1132 2044; baseline 0.001 -25"><span class='ocrx_word' id='word_1_115' title='bbox 109 1966 176 2020; x_wconf 83' lang='grc' dir='ltr'><strong><em>τῶν</em></strong></span> <span class='ocrx_word' id='word_1_116' title='bbox 196 1956 322 2040; x_wconf 91' lang='grc' dir='ltr'><strong><em>λόφων,</em></strong></span> <span class='ocrx_word' id='word_1_117' title='bbox 346 1956 405 2041; x_wconf 91' lang='grc' dir='ltr'><strong><em>ἀφ’</em></strong></span> <span class='ocrx_word' id='word_1_118' title='bbox 422 1950 471 2022; x_wconf 82' lang='grc' dir='ltr'><strong><em>ὧν</em></strong></span> <span class='ocrx_word' id='word_1_119' title='bbox 490 1953 533 2040; x_wconf 88' lang='grc' dir='ltr'><strong><em>ήν</em></strong></span> <span class='ocrx_word' id='word_1_120' title='bbox 557 1953 675 2044; x_wconf 82' lang='grc' dir='ltr'><strong><em>ῥηίδιον</em></strong></span> <span class='ocrx_word' id='word_1_121' title='bbox 699 1964 848 2042; x_wconf 83' lang='grc' dir='ltr'><strong><em>συνορᾶν</em></strong></span> <span class='ocrx_word' id='word_1_122' title='bbox 870 1957 1051 2042; x_wconf 87' lang='grc' dir='ltr'><strong><em>πόρρωθεν</em></strong></span> <span class='ocrx_word' id='word_1_123' title='bbox 1073 1957 1132 2033; x_wconf 89' lang='grc' dir='ltr'><strong><em>τάς</em></strong></span> 
     </span>
     <span class='ocr_line' id='line_1_18' title="bbox 110 2060 1133 2148; baseline 0.001 -22"><span class='ocrx_word' id='word_1_124' title='bbox 110 2064 157 2139; x_wconf 87' lang='grc' dir='ltr'><strong><em>είς</em></strong></span> <span class='ocrx_word' id='word_1_125' title='bbox 183 2063 246 2146; x_wconf 83' lang='grc' dir='ltr'><strong><em>την</em></strong></span> <span class='ocrx_word' id='word_1_126' title='bbox 265 2060 424 2148; x_wconf 90' lang='grc' dir='ltr'><strong><em>Ἀραβίαν</em></strong></span> <span class='ocrx_word' id='word_1_127' title='bbox 451 2061 608 2147; x_wconf 88' lang='grc' dir='ltr'><strong><em>ἐμβολάς,</em></strong></span> <span class='ocrx_word' id='word_1_128' title='bbox 636 2063 732 2128; x_wconf 82' lang='grc' dir='ltr'><strong><em>αύτοί</em></strong></span> <span class='ocrx_word' id='word_1_129' title='bbox 759 2063 797 2128; x_wconf 79' lang='grc' dir='ltr'><strong><em>δὲ</em></strong></span> <span class='ocrx_word' id='word_1_130' title='bbox 824 2061 1064 2145; x_wconf 88' lang='grc' dir='ltr'><strong><em>συνταξάμενοι</em></strong></span> <span class='ocrx_word' id='word_1_131' title='bbox 1091 2063 1133 2127; x_wconf 87' lang='grc' dir='ltr'><strong><em>τά</em></strong></span> 
     </span>
     <span class='ocr_line' id='line_1_19' title="bbox 110 2167 1133 2256; baseline 0 -22"><span class='ocrx_word' id='word_1_132' title='bbox 110 2169 186 2256; x_wconf 86' lang='grc' dir='ltr'><strong><em>περί</em></strong></span> <span class='ocrx_word' id='word_1_133' title='bbox 213 2167 353 2246; x_wconf 82' lang='grc' dir='ltr'><strong><em>ἑαυτοὺς</em></strong></span> <span class='ocrx_word' id='word_1_134' title='bbox 382 2172 616 2256; x_wconf 83' lang='grc' dir='ltr'><strong><em>προσηκόντως</em></strong></span> <span class='ocrx_word' id='word_1_135' title='bbox 646 2169 872 2255; x_wconf 82' lang='grc' dir='ltr'><strong><em>ἐκαραδόκουν</em></strong></span> <span class='ocrx_word' id='word_1_136' title='bbox 899 2171 937 2235; x_wconf 87' lang='grc' dir='ltr'><strong><em>τὸ</em></strong></span> <span class='ocrx_word' id='word_1_137' title='bbox 965 2167 1133 2254; x_wconf 88' lang='grc' dir='ltr'><strong><em>ἀποβησό-</em></strong></span> 
     </span>
    </p>

    <p class='ocr_par' dir='ltr' id='par_1_6' title="bbox 74 2275 1187 3327">
     <span class='ocr_line' id='line_1_20' title="bbox 74 2275 1133 2363; baseline 0 -23"><span class='ocrx_word' id='word_1_138' title='bbox 74 2292 220 2360; x_wconf 84' lang='grc' dir='ltr'><strong><em>4μενον.</em></strong></span> <span class='ocrx_word' id='word_1_139' title='bbox 267 2275 284 2341; x_wconf 92' lang='grc' dir='ltr'>ὁ</span> <span class='ocrx_word' id='word_1_140' title='bbox 314 2275 345 2340; x_wconf 89' lang='grc' dir='ltr'><strong><em>δ’</em></strong></span> <span class='ocrx_word' id='word_1_141' title='bbox 363 2277 554 2360; x_wconf 61' lang='grc' dir='ltr'><strong><em>Ἀντήιονος</em></strong></span> <span class='ocrx_word' id='word_1_142' title='bbox 581 2277 883 2361; x_wconf 82' lang='grc' dir='ltr'><strong><em>φιλοποιησάμενος</em></strong></span> <span class='ocrx_word' id='word_1_143' title='bbox 910 2278 1034 2363; x_wconf 95' lang='grc' dir='ltr'><strong><em>χρόνον</em></strong></span> <span class='ocrx_word' id='word_1_144' title='bbox 1056 2278 1133 2341; x_wconf 87' lang='grc' dir='ltr'><strong><em>τινά</em></strong></span> 
     </span>
     <span class='ocr_line' id='line_1_21' title="bbox 109 2381 1179 2469; baseline -0.002 -21"><span class='ocrx_word' id='word_1_145' title='bbox 109 2386 188 2460; x_wconf 83' lang='grc' dir='ltr'><strong><em>τοὺς</em></strong></span> <span class='ocrx_word' id='word_1_146' title='bbox 220 2383 412 2469; x_wconf 87' lang='grc' dir='ltr'><strong><em>βαρβάρους</em></strong></span> <span class='ocrx_word' id='word_1_147' title='bbox 442 2382 499 2448; x_wconf 82' lang='grc' dir='ltr'><strong><em>καί</em></strong></span> <span class='ocrx_word' id='word_1_148' title='bbox 533 2384 673 2466; x_wconf 88' lang='grc' dir='ltr'><strong><em>νομίσας</em></strong></span> <span class='ocrx_word' id='word_1_149' title='bbox 709 2384 831 2461; x_wconf 86' lang='grc' dir='ltr'><strong><em>αὐτοὺς</em></strong></span> <span class='ocrx_word' id='word_1_150' title='bbox 867 2381 1132 2468; x_wconf 82' lang='grc' dir='ltr'><strong><em>ἐξηπατημένους</em></strong></span> <span class='ocrx_word' id='word_1_151' title='bbox 1152 2406 1179 2447; x_wconf 79' lang='grc' dir='ltr'><strong><em>ιο</em></strong></span> 
     </span>
     <span class='ocr_line' id='line_1_22' title="bbox 110 2487 1132 2576; baseline 0.003 -23"><span class='ocrx_word' id='word_1_152' title='bbox 110 2488 381 2574; x_wconf 91' lang='grc' dir='ltr'><strong><em>παραδεδωκέναι</em></strong></span> <span class='ocrx_word' id='word_1_153' title='bbox 412 2490 472 2554; x_wconf 83' lang='grc' dir='ltr'><strong><em>τὸν</em></strong></span> <span class='ocrx_word' id='word_1_154' title='bbox 503 2488 581 2554; x_wconf 85' lang='grc' dir='ltr'><strong><em>καθ’</em></strong></span> <span class='ocrx_word' id='word_1_155' title='bbox 609 2489 720 2556; x_wconf 83' lang='grc' dir='ltr'><strong><em>αὑτῶν</em></strong></span> <span class='ocrx_word' id='word_1_156' title='bbox 751 2493 879 2576; x_wconf 91' lang='grc' dir='ltr'><strong><em>καιρόν,</em></strong></span> <span class='ocrx_word' id='word_1_157' title='bbox 916 2487 1061 2567; x_wconf 82' lang='grc' dir='ltr'><strong><em>ἐξέλεξεν</em></strong></span> <span class='ocrx_word' id='word_1_158' title='bbox 1098 2488 1132 2568; x_wconf 86' lang='grc' dir='ltr'><strong><em>ἐξ</em></strong></span> 
     </span>
     <span class='ocr_line' id='line_1_23' title="bbox 110 2594 1134 2682; baseline 0.002 -22"><span class='ocrx_word' id='word_1_159' title='bbox 110 2596 238 2681; x_wconf 84' lang='grc' dir='ltr'><strong><em>ἁπάσης</em></strong></span> <span class='ocrx_word' id='word_1_160' title='bbox 269 2606 328 2681; x_wconf 83' lang='grc' dir='ltr'><strong><em>τής</em></strong></span> <span class='ocrx_word' id='word_1_161' title='bbox 360 2594 532 2678; x_wconf 90' lang='grc' dir='ltr'><strong><em>δυνάμεως</em></strong></span> <span class='ocrx_word' id='word_1_162' title='bbox 563 2599 682 2676; x_wconf 82' lang='grc' dir='ltr'><strong><em>πεζοὺς</em></strong></span> <span class='ocrx_word' id='word_1_163' title='bbox 713 2597 774 2680; x_wconf 78' lang='grc' dir='ltr'><strong><em>μὲν</em></strong></span> <span class='ocrx_word' id='word_1_164' title='bbox 806 2599 925 2678; x_wconf 82' lang='grc' dir='ltr'><strong><em>ψιλοὺς</em></strong></span> <span class='ocrx_word' id='word_1_165' title='bbox 957 2596 1012 2662; x_wconf 79' lang='grc' dir='ltr'><strong><em>καί</em></strong></span> <span class='ocrx_word' id='word_1_166' title='bbox 1048 2598 1134 2682; x_wconf 88' lang='grc' dir='ltr'><strong><em>πρὸς</em></strong></span> 
     </span>
     <span class='ocr_line' id='line_1_24' title="bbox 111 2696 1187 2792; baseline 0.007 -26"><span class='ocrx_word' id='word_1_167' title='bbox 111 2703 237 2788; x_wconf 95' lang='grc' dir='ltr'><strong><em>δρόμον</em></strong></span> <span class='ocrx_word' id='word_1_168' title='bbox 256 2696 293 2768; x_wconf 87' lang='grc' dir='ltr'><strong><em>εὖ</em></strong></span> <span class='ocrx_word' id='word_1_169' title='bbox 312 2704 502 2792; x_wconf 83' lang='grc' dir='ltr'><strong><em>πεφυκότας</em></strong></span> <span class='ocrx_word' id='word_1_170' title='bbox 524 2706 820 2790; x_wconf 83' lang='grc' dir='ltr'><strong><em>τετρακισχιλίους,</em></strong></span> <span class='ocrx_word' id='word_1_171' title='bbox 845 2705 954 2780; x_wconf 83' lang='grc' dir='ltr'><strong><em>ίππείς</em></strong></span> <span class='ocrx_word' id='word_1_172' title='bbox 977 2703 1014 2769; x_wconf 76' lang='grc' dir='ltr'><strong><em>δὲ</em></strong></span> <span class='ocrx_word' id='word_1_173' title='bbox 1036 2707 1187 2772; x_wconf 78' lang='grc' dir='ltr'><strong><em>πλεί-393</em></strong></span> 
     </span>
     <span class='ocr_line' id='line_1_25' title="bbox 111 2811 1133 2896; baseline 0.001 -21"><span class='ocrx_word' id='word_1_174' title='bbox 111 2834 170 2886; x_wconf 89' lang='grc' dir='ltr'><strong><em>ους</em></strong></span> <span class='ocrx_word' id='word_1_175' title='bbox 198 2820 266 2875; x_wconf 83' lang='grc' dir='ltr'><strong><em>τῶν</em></strong></span> <span class='ocrx_word' id='word_1_176' title='bbox 295 2811 565 2895; x_wconf 86' lang='grc' dir='ltr'><strong><em>τετρακισχιλίων</em></strong></span> <span class='ocrx_word' id='word_1_177' title='bbox 593 2811 650 2876; x_wconf 82' lang='grc' dir='ltr'><strong><em>καί</em></strong></span> <span class='ocrx_word' id='word_1_178' title='bbox 677 2812 808 2888; x_wconf 82' lang='grc' dir='ltr'><strong><em>τούτοις</em></strong></span> <span class='ocrx_word' id='word_1_179' title='bbox 838 2811 900 2894; x_wconf 78' lang='grc' dir='ltr'><strong><em>μὲν</em></strong></span> <span class='ocrx_word' id='word_1_180' title='bbox 932 2813 1133 2896; x_wconf 88' lang='grc' dir='ltr'><strong><em>παρήγγειλε</em></strong></span> 
     </span>
     <span class='ocr_line' id='line_1_26' title="bbox 111 2917 1180 3003; baseline -0.002 -20"><span class='ocrx_word' id='word_1_181' title='bbox 111 2917 228 3003; x_wconf 83' lang='grc' dir='ltr'><strong><em>φέρειν</em></strong></span> <span class='ocrx_word' id='word_1_182' title='bbox 244 2917 355 3002; x_wconf 88' lang='grc' dir='ltr'><strong><em>ἀπυρα</em></strong></span> <span class='ocrx_word' id='word_1_183' title='bbox 370 2927 445 2982; x_wconf 80' lang='grc' dir='ltr'><strong><em>σῖτα</em></strong></span> <span class='ocrx_word' id='word_1_184' title='bbox 462 2919 628 2983; x_wconf 92' lang='grc' dir='ltr'><strong><em>πλειόνων</em></strong></span> <span class='ocrx_word' id='word_1_185' title='bbox 645 2918 788 3003; x_wconf 75' lang='grc' dir='ltr'><strong><em>ἡμερῶν,</em></strong></span> <span class='ocrx_word' id='word_1_186' title='bbox 806 2922 1001 3003; x_wconf 73' lang='grc' dir='ltr'><strong><em>Δημήτριον</em></strong></span> <span class='ocrx_word' id='word_1_187' title='bbox 1017 2917 1056 2983; x_wconf 81' lang='grc' dir='ltr'><strong><em>δέ</em></strong></span> <span class='ocrx_word' id='word_1_188' title='bbox 1070 2919 1133 2984; x_wconf 88' lang='grc' dir='ltr'><strong><em>τὸν</em></strong></span> <span class='ocrx_word' id='word_1_189' title='bbox 1153 2940 1180 2982; x_wconf 78' lang='grc' dir='ltr'><strong><em>ιε</em></strong></span> 
     </span>
     <span class='ocr_line' id='line_1_27' title="bbox 110 3022 1132 3110; baseline 0.003 -22"><span class='ocrx_word' id='word_1_190' title='bbox 110 3025 187 3089; x_wconf 78' lang='grc' dir='ltr'><strong><em>υἱὸν</em></strong></span> <span class='ocrx_word' id='word_1_191' title='bbox 214 3027 418 3108; x_wconf 79' lang='grc' dir='ltr'><strong><em>καταστήσας</em></strong></span> <span class='ocrx_word' id='word_1_192' title='bbox 444 3025 591 3109; x_wconf 78' lang='grc' dir='ltr'><strong><em>ἡγεμόνα</em></strong></span> <span class='ocrx_word' id='word_1_193' title='bbox 620 3025 752 3110; x_wconf 83' lang='grc' dir='ltr'><strong><em>πρώτης</em></strong></span> <span class='ocrx_word' id='word_1_194' title='bbox 782 3029 933 3110; x_wconf 85' lang='grc' dir='ltr'><strong><em>φυλακής</em></strong></span> <span class='ocrx_word' id='word_1_195' title='bbox 962 3022 1132 3110; x_wconf 84' lang='grc' dir='ltr'><strong><em>ἐξέπεμψε,</em></strong></span> 
     </span>
     <span class='ocr_line' id='line_1_28' title="bbox 110 3128 1134 3216; baseline 0.002 -20"><span class='ocrx_word' id='word_1_196' title='bbox 110 3128 296 3216; x_wconf 88' lang='grc' dir='ltr'><strong><em>προστάξας</em></strong></span> <span class='ocrx_word' id='word_1_197' title='bbox 323 3131 461 3197; x_wconf 88' lang='grc' dir='ltr'><strong><em>κολάσαι</em></strong></span> <span class='ocrx_word' id='word_1_198' title='bbox 488 3134 567 3208; x_wconf 85' lang='grc' dir='ltr'><strong><em>τοὺς</em></strong></span> <span class='ocrx_word' id='word_1_199' title='bbox 585 3129 731 3216; x_wconf 75' lang='grc' dir='ltr'><strong><em>’Άραβας</em></strong></span> <span class='ocrx_word' id='word_1_200' title='bbox 758 3133 837 3197; x_wconf 87' lang='grc' dir='ltr'><strong><em>καθ’</em></strong></span> <span class='ocrx_word' id='word_1_201' title='bbox 859 3130 900 3197; x_wconf 87' lang='grc' dir='ltr'><strong><em>δν</em></strong></span> <span class='ocrx_word' id='word_1_202' title='bbox 925 3130 967 3198; x_wconf 86' lang='grc' dir='ltr'><strong><em>ἀν</em></strong></span> <span class='ocrx_word' id='word_1_203' title='bbox 990 3132 1134 3216; x_wconf 92' lang='grc' dir='ltr'><strong><em>δύνηται</em></strong></span> 
     </span>
     <span class='ocr_line' id='line_1_29' title="bbox 110 3233 1133 3327; baseline 0.003 -25"><span class='ocrx_word' id='word_1_204' title='bbox 110 3240 243 3324; x_wconf 91' lang='grc' dir='ltr'><strong><em>τρόπον.</em></strong></span> <span class='ocrx_word' id='word_1_205' title='bbox 290 3233 387 3316; x_wconf 85' lang='grc' dir='ltr'><strong><em>οὗτος</em></strong></span> <span class='ocrx_word' id='word_1_206' title='bbox 410 3238 471 3321; x_wconf 79' lang='grc' dir='ltr'><strong><em>μὲν</em></strong></span> <span class='ocrx_word' id='word_1_207' title='bbox 495 3233 557 3303; x_wconf 84' lang='grc' dir='ltr'><strong><em>οὖν</em></strong></span> <span class='ocrx_word' id='word_1_208' title='bbox 584 3236 640 3324; x_wconf 93' lang='grc' dir='ltr'><strong><em>ἐφ’</em></strong></span> <span class='ocrx_word' id='word_1_209' title='bbox 659 3237 782 3325; x_wconf 77' lang='grc' dir='ltr'><strong><em>ἡμέρας</em></strong></span> <span class='ocrx_word' id='word_1_210' title='bbox 809 3248 898 3324; x_wconf 82' lang='grc' dir='ltr'><strong><em>τρεῖς</em></strong></span> <span class='ocrx_word' id='word_1_211' title='bbox 925 3239 1044 3327; x_wconf 77' lang='grc' dir='ltr'><strong><em>ἀνοδίᾳ</em></strong></span> <span class='ocrx_word' id='word_1_212' title='bbox 1071 3261 1133 3306; x_wconf 90' lang='grc' dir='ltr'><strong><em>πο-</em></strong></span> 
     </span>
    </p>

    <p class='ocr_par' dir='ltr' id='par_1_7' title="bbox 57 3342 1134 3431">
     <span class='ocr_line' id='line_1_30' title="bbox 57 3342 1134 3431; baseline 0.003 -21"><span class='ocrx_word' id='word_1_213' title='bbox 57 3344 99 3410; x_wconf 82' lang='grc'><strong><em>97</em></strong></span> <span class='ocrx_word' id='word_1_214' title='bbox 112 3347 289 3431; x_wconf 84' lang='grc' dir='ltr'><strong><em>ρευόμενος</em></strong></span> <span class='ocrx_word' id='word_1_215' title='bbox 328 3342 468 3410; x_wconf 77' lang='grc' dir='ltr'><strong><em>ἔσπευδε</em></strong></span> <span class='ocrx_word' id='word_1_216' title='bbox 505 3349 625 3410; x_wconf 84' lang='grc' dir='ltr'><strong><em>λαθεῖν</em></strong></span> <span class='ocrx_word' id='word_1_217' title='bbox 661 3348 740 3422; x_wconf 88' lang='grc' dir='ltr'><strong><em>τοὺς</em></strong></span> <span class='ocrx_word' id='word_1_218' title='bbox 776 3345 982 3431; x_wconf 86' lang='grc' dir='ltr'><strong><em>βαρβάρους,</em></strong></span> <span class='ocrx_word' id='word_1_219' title='bbox 1024 3347 1056 3412; x_wconf 78' lang='grc' dir='ltr'><strong><em>ολ</em></strong></span> <span class='ocrx_word' id='word_1_220' title='bbox 1094 3348 1134 3414; x_wconf 79' lang='grc' dir='ltr'><strong><em>δέ</em></strong></span> 
     </span>
    </p>
   </div>
   <div class='ocr_carea' id='block_1_3' title="bbox 69 3484 1134 3641">
    <p class='ocr_par' dir='ltr' id='par_1_8' title="bbox 69 3484 1134 3641">
     <span class='ocr_line' id='line_1_31' title="bbox 162 3484 1134 3577; baseline 0.005 -22"><span class='ocrx_word' id='word_1_221' title='bbox 162 3501 183 3555; x_wconf 78' lang='grc' dir='ltr'><strong><em>ό</em></strong></span> <span class='ocrx_word' id='word_1_222' title='bbox 209 3484 366 3561; x_wconf 79' lang='grc' dir='ltr'><strong><em>ποιεῖσθαι</em></strong></span> <span class='ocrx_word' id='word_1_223' title='bbox 393 3505 424 3562; x_wconf 85' lang='lat' dir='ltr'><strong><em>F.</em></strong></span> <span class='ocrx_word' id='word_1_224' title='bbox 515 3503 533 3562; x_wconf 75' lang='lat'>9</span> <span class='ocrx_word' id='word_1_225' title='bbox 563 3503 692 3577; x_wconf 82' lang='grc' dir='ltr'><strong><em>ἐπιβολῆς</em></strong></span> <span class='ocrx_word' id='word_1_226' title='bbox 712 3503 750 3569; x_wconf 60' lang='grc' dir='ltr'><strong><em>λδ,</em></strong></span> <span class='ocrx_word' id='word_1_227' title='bbox 778 3519 916 3571; x_wconf 62' lang='lat' dir='ltr'><strong><em>mmm.</em></strong></span> <span class='ocrx_word' id='word_1_228' title='bbox 939 3524 957 3557; x_wconf 90' lang='grc' dir='ltr'><strong><em>υ</em></strong></span> <span class='ocrx_word' id='word_1_229' title='bbox 982 3502 1019 3556; x_wconf 74' lang='grc' dir='ltr'><strong><em>ολ)</em></strong></span> <span class='ocrx_word' id='word_1_230' title='bbox 1046 3509 1071 3558; x_wconf 79' lang='lat'><strong><em>2.</em></strong></span> <span class='ocrx_word' id='word_1_231' title='bbox 1094 3523 1134 3563; x_wconf 89' lang='lat' dir='ltr'><strong><em>m.</em></strong></span> 
     </span>
     <span class='ocr_line' id='line_1_32' title="bbox 69 3565 350 3641; baseline 0.028 -15"><span class='ocrx_word' id='word_1_232' title='bbox 69 3565 111 3620; x_wconf 81' lang='lat'><strong><em>11</em></strong></span> <span class='ocrx_word' id='word_1_233' title='bbox 131 3572 188 3641; x_wconf 78' lang='grc' dir='ltr'><strong><em>τήν</em></strong></span> <span class='ocrx_word' id='word_1_234' title='bbox 208 3593 265 3633; x_wconf 84' lang='lat' dir='ltr'><strong><em>om.</em></strong></span> <span class='ocrx_word' id='word_1_235' title='bbox 285 3577 350 3634; x_wconf 73' lang='grc' dir='ltr'><strong><em>ΒΧ.</em></strong></span> 
     </span>
    </p>
   </div>
   <div class='ocr_carea' id='block_1_4' title="bbox 0 0 1236 3848">
    <p class='ocr_par' dir='ltr' id='par_1_9' title="bbox 0 0 1236 3848">
     <span class='ocr_line' id='line_1_33' title="bbox 0 0 1236 3848; baseline 0 0"><span class='ocrx_word' id='word_1_236' title='bbox 0 0 1236 3848; x_wconf 95' lang='lat' dir='ltr'><strong><em> </em></strong></span> 
     </span>
    </p>
   </div>
  </div>
 </body>
</html>
