2460 3848
449 221 491 276 01.
504 227 603 289 118,1:
624 226 675 276 εοε
690 237 715 276 a.
727 220 790 276 chr.
1064 226 1129 294 235

108 368 223 452 πάσης.
274 366 432 452 Ὀφέλλας
462 367 524 450 μὲν
553 362 617 433 οὖν
646 365 782 444 ἐλπίσας
811 368 936 451 μεγάλα
965 370 1021 435 καὶ
1050 390 1130 455 προ-

108 470 300 560 χειρότερον
329 474 433 540 αύτὸν
462 474 641 551 πιστεύσας
669 474 824 558 τοιαύτης
853 470 948 560 έτυχε
980 481 1039 560 τῆς
1070 485 1130 542 τοῦ

108 583 186 663 βίου
209 588 448 668 καταστροφῆς.

176 685 235 754 ’δάε
264 688 301 753 δὲ
327 698 368 775 τῆ
396 689 591 775 Καρχηδόνι
616 691 802 775 Βορμίλκας
829 689 931 754 πάλαι
959 691 1130 774 διανενοη-
1139 692 1183 758 43

78 794 207 878 σμένος
230 794 412 861 ἐπνθέσθαι
434 797 611 882 τυραννίδι
633 797 751 880 καιρὸν
769 794 914 880 ἐπεζήτει
936 806 1008 874 ταῖς
1032 797 1131 875 ίδίαις

109 901 279 985 ἐπιβολαῖς
310 904 442 968 οἰκεῖον.
493 903 651 981 πολλάκις
679 903 716 968 δέ
744 904 898 981 διδόντος
924 912 985 969 τοῦ
1012 912 1130 989 καιροῦ

109 1010 167 1086 τὰς
194 1008 347 1095 ἀφορμάς
374 1018 434 1075 τοῦ
463 1010 619 1096 πράττειν
646 1012 684 1075 τὸ
712 1009 980 1093 βεβουλευμένον
1003 1009 1057 1076 ἀεί
1082 1034 1131 1089 τις

109 1117 198 1181 αίτία
225 1118 325 1202 μικρά
352 1119 628 1202 παρεμπίπτουσα
655 1117 847 1182 διεκώλυεν·
890 1117 1132 1200 δεισιδαίμονες

109 1224 173 1308 γάρ
203 1223 236 1288 οῖ
265 1222 440 1306 μέλλοντες
470 1222 632 1309 ἐγχειρεῖν
660 1232 733 1300 ταῖς
762 1225 967 1309 παρανόμοις
994 1225 1050 1290 καὶ
1077 1248 1131 1307 με-

65 1350 91 1390 ιο
109 1329 226 1412 γάλαις
254 1328 392 1415 πράξεσι
418 1331 473 1395 καί
501 1332 538 1396 τὸ
566 1330 698 1413 μέλλειν
726 1329 778 1395 ἀεὶ
804 1338 864 1395 τοῦ
892 1329 1049 1416 πράττειν
1076 1332 1132 1397 καῖ

109 1437 170 1520 τὴν
202 1436 388 1523 ὑπέρθεσιν
419 1447 478 1522 τῆς
509 1438 701 1513 συντελείας
732 1438 982 1522 προκρίνουσιν.
1024 1437 1041 1502 ὃ
1076 1439 1132 1504 καὶ

108 1545 182 1607 τότε
210 1544 410 1626 συνέβαινεν
437 1544 493 1609 καὶ
520 1544 596 1629 περί
624 1542 765 1609 ἐκεῖνον·
795 1542 953 1626 ἐξέπεμψε
980 1544 1042 1627 μὲν
1066 1545 1165 1631 γδρι

108 1651 187 1727 τοὺς
216 1649 499 1736 ἐπιφανεστάτους
528 1660 595 1715 τῶν
624 1655 770 1716 πολιτῶν
800 1652 848 1728 είς
877 1652 939 1735 τὴν
969 1650 1023 1717 ἐπὶ
1053 1654 1132 1728 τοὺς

55 1757 275 1839 ιεῖΝομάδας
305 1760 491 1843 στρατείαν,
524 1758 580 1823 ἵνα
609 1756 736 1840 μηδένα
763 1768 831 1823 τῶν
861 1756 1045 1840 ἀξιολόγων
1074 1755 1131 1848 ἔχη

64 1883 90 1924 ιι
109 1864 168 1928 τὸν
200 1863 492 1948 ἀντιστησόμενον,
529 1863 591 1929 ούκ
623 1863 743 1946 ἐτόλμα
780 1865 818 1930 δὲ
849 1863 1132 1945 ἀποκαλύψασθαι

108 1971 192 2053 πρὸς
220 1971 282 2054 τὴν
311 1971 507 2057 τυραννίδα,
531 1971 822 2054 μετακαλούμενος
851 1971 918 2037 ὑπὸ
947 1982 1006 2056 τῆς
1036 1973 1131 2037 εύλα-

109 2078 208 2157 βείας.
259 2074 338 2143 καθ’
365 2077 407 2143 δν
439 2079 476 2143 δὲ
508 2079 626 2164 καιρὸν
652 2074 859 2163 Ἀγαθοκλῆς
891 2077 1030 2148 ἐπέθετο
1062 2089 1166 2156 τοῖς3

109 2182 185 2266 περὶ
212 2184 273 2267 τὸν
293 2183 466 2269 Ὀφέλλαν,
494 2184 637 2270 ὁρμῆσαι
663 2185 718 2250 καί
745 2193 868 2250 τοῦτον
895 2186 1020 2269 συνέβη
1048 2187 1132 2271 πρὸς

109 2291 170 2373 τῆν
193 2289 404 2374 δυναστείαν,
428 2291 644 2375 ἀγνοούντων
667 2291 865 2377 ἀμφοτέρων
887 2292 928 2357 τά
950 2293 1040 2378 παρδι
1062 2302 1131 2371 τοῖς

63 2419 91 2459 ιο
108 2397 278 2478 πολεμίοις
300 2399 518 2483 πραττόμενα.
555 2399 631 2464 ούτε
654 2400 718 2485 γάρ
733 2398 938 2484 Ἀγαθοκλῆς
961 2395 1046 2482 έγνω
1070 2400 1166 2482 την4

109 2501 264 2568 ἐπίθεσιν
281 2513 340 2588 τῆς
362 2505 562 2589 τυραννίδος
585 2507 640 2571 καί
663 2507 724 2590 τῆν
742 2505 780 2572 ἐν
798 2515 838 2592 τῆ
860 2507 955 2571 πόλει
975 2509 1132 2592 ταραχῆν,

109 2607 181 2674 ἐπεὶ
204 2609 327 2696 ῥηιδίως
350 2609 392 2676 ἀν
416 2610 574 2698 ἐκράτησε
597 2622 654 2697 τῆς
676 2614 908 2698 Καρχηδόνος·
939 2613 1044 2678 εἵλετο
1067 2615 1131 2698 γάρ

109 2715 152 2781 ἀν
171 2719 357 2800 Βορμίλκας
376 2716 426 2783 ἐπ’
440 2718 625 2806 αύτοφάρφ
644 2721 824 2803 γενόμενος
845 2729 1022 2805 συνεργεῖν
1037 2716 1132 2803 Ἀγα-

180 2874 196 2928 l
216 2872 327 2943 ἁπάσης
344 2873 377 2928 Χ.
432 2875 451 2929 2
469 2872 555 2931 αάτὸυ
569 2875 595 2928 Χ
614 2871 715 2931 ἑαυτὸν
729 2876 764 2941 Ρς
784 2877 848 2930 ‘aut
866 2877 946 2931 deest
962 2876 1131 2931 vocabulum

109 2947 160 2999 aut
178 2945 253 3019 αύτῷ
269 2944 461 3000 εοεὶῖιθιιδιιιιι’
475 2947 565 3003 Wess.
615 2946 669 3001 23
684 2956 733 3002 τού
748 2945 813 3019 βίον
826 2957 875 3018 τῆς
888 2952 1084 3016 καταστροφῆς
1097 2946 1130 3001 Χ.

108 3016 127 3071 4
143 3021 177 3089 τῆ
196 3034 249 3073 om.
264 3017 294 3071 F.
350 3017 368 3071 5
387 3014 675 3082 ἐπιθέσθαι-ἰδίαις
693 3036 747 3074 om.
762 3019 792 3086 F,
810 3020 901 3089 suppl.
917 3026 941 3074 2.
954 3037 991 3072 m.
1045 3018 1064 3072 6
1081 3027 1131 3074 τοῦ

108 3097 209 3213 ἷέῗρέέ
225 3087 401 3231 mer·
428 3086 1131 3231 {22¹9ssssss3205„{fflissffffiz221?ssonss

108 3231 173 3298 περὶ
200 3230 310 3286 ἐκεῖνον
338 3230 577 3299 ἐπιφανεστάτους
607 3241 663 3286 τῶν
695 3236 816 3288 πολιτῶν
847 3229 1001 3302 ἐξέπεμψεν
1033 3233 1074 3294 είς
1100 3233 1130 3286 F.

109 3301 203 3356 15.16
221 3304 272 3357 οίκ
292 3299 606 3374 ἐτόλμα-τυραννίδα]
630 3301 689 3357 ἀλλ’
708 3302 781 3374 ὅμως
799 3304 1044 3373 ἀποκαλύψασθαι
1061 3301 1132 3372 πρὸς

108 3372 401 3517 μαινίδια
415 3371 1158 3516 αλιιῖιιιὲιιψιιῖιανιιαεὲι

110 3513 243 3582 Ρᾱνθίδθε
263 3515 321 3569 ΒΧ.
395 3517 432 3572 22
458 3516 520 3574 ἐκεῖ
545 3536 604 3578 om.
621 3517 661 3589 F,
682 3519 738 3590 (χοί.
752 3520 827 3589 ροισι
841 3513 972 3582 Καοηηθ
991 3499 1187 3565 υοηῆῑψ»

101 3585 162 3637 ἐπεὶ
179 3584 267 3640 είλετο
287 3585 325 3644 ἀν
343 3595 375 3645 B.
454 3591 491 3649 23
513 3591 557 3650 ἐπ’
580 3589 746 3666 αότοφόρφ
761 3591 802 3644 Y.
