2460 3848
435 156 587 224 01.118,2:
608 161 659 210 εοι
675 155 773 210 mehr.
1049 159 1115 224 275

95 303 319 388 εσταύρωσαν,
346 304 425 379 τοὺς
451 298 483 366 δ’
501 302 623 378 ἄλλους
650 301 811 385 δήσαντες
835 300 966 385 πέδαις,
993 301 1036 385 ήν
1060 302 1116 366 διδ

94 411 154 475 τὸν
167 411 313 491 πόλεμον
327 406 532 493 ἐξηγρίωσαν
549 408 672 492 χώραν,
690 405 910 493 ἐξηνάγκαζον
928 417 998 485 τοῖς
1018 408 1116 486 ἰδίοις

94 518 210 593 πόνοις
237 515 339 581 πάλιν
366 513 555 599 ἐξημεροῦν.
605 515 832 600 Καρχηδόνιοι
859 515 920 597 μὲν
950 508 1014 580 οὖν
1043 511 1116 592 ἐτος

93 622 251 708 τέταρτον
273 622 515 704 πολεμούμενοι
541 630 663 687 τοῦτον
687 623 747 687 τὸν
770 623 896 706 τρόπον
919 620 1114 704 ἐκομίσαντο

64 752 75 791 ε
94 732 155 815 τήν
177 728 384 815 ἐλευθερίαν.
754 771 755 774 =

170 843 234 920 Τής
266 833 296 901 δ’
320 834 562 920 Ἀγαθοκλέους
594 838 765 922 στρατείας
800 837 848 913 είς
880 836 1013 920 Λιβύην
1045 835 1168 902 ἐπι-70

94 939 265 1028 σημήναιτ’
293 944 336 1008 ἄν
366 965 416 1019 τις
448 945 485 1009 τό
517 965 552 1008 τε
584 940 774 1028 παράδοξον
805 943 861 1008 καί
897 944 958 1027 τήν
991 945 1038 1021 εἰς
1074 945 1115 1009 τδ

93 1051 191 1117 τέκνα
214 1049 398 1134 γενομένην
419 1051 581 1135 τιμωρίαν
604 1042 678 1116 οἷον
699 1059 739 1134 τῇ
762 1051 843 1137 θείη
865 1051 1016 1137 προνοίη.
1060 1049 1115 1116 ἐπὶ
1151 1099 1156 1121 ,Α

92 1157 154 1239 μέν
180 1159 245 1242 γὰρ
272 1167 330 1242 τῆς
352 1159 508 1233 Σικελίας
533 1157 689 1245 ήττηθελς
711 1157 767 1222 καί
790 1158 852 1241 τήν
875 1159 1034 1242 πλείστην
1056 1168 1115 1243 τής

49 1286 75 1324 10
93 1264 264 1347 δυνάμεως
292 1262 455 1340 ἀπολέσας
478 1262 533 1329 ἐπὶ
555 1246 613 1346 τής
635 1263 764 1346 Λιβύης
788 1274 894 1351 μικρῷ
916 1263 1009 1350 μέρει
1036 1267 1114 1343 τοὺς

93 1374 370 1457 προνενικηκότας
406 1368 677 1453 κατεπολέμησεν.
731 1370 788 1435 καί
821 1372 880 1447 τὰς
910 1371 972 1453 μὲν
1004 1369 1042 1436 ἐν
1072 1380 1147 1456 τήν

92 1479 231 1566 Σικελία
257 1480 368 1555 πόλεις
396 1477 523 1554 ἁπάσας
550 1475 728 1559 ἀποβαλὼν
751 1477 835 1562 πρὸς
857 1478 1114 1562 Συρακούσσαις

93 1584 332 1670 ἐπολιορκεῖτο,
358 1586 441 1650 κατὰ
467 1583 505 1649 δὲ
532 1585 594 1668 τήν
616 1584 749 1668 Λιβύην
772 1595 889 1649 πασῶν
911 1595 979 1649 τῶν
1003 1587 1112 1650 ἄλλων

92 1692 222 1756 πόλεων
245 1691 404 1778 ἐγκρατής
431 1692 608 1774 γενόμενος
635 1691 683 1768 είς
709 1693 905 1777 πολιορκίαν
927 1690 1113 1757 κατέκλεισε

48 1817 74 1858 ιε
92 1800 170 1875 τοὺς
199 1799 468 1883 Καρχηδονίους,
499 1808 557 1883 της
588 1798 688 1882 τύχης
720 1797 829 1884 ὥσπερ
862 1797 1012 1882 ἐπίτηδες
1044 1797 1112 1864 ἐπι-

92 1904 308 1989 δεικνυμένης
330 1907 391 1990 τήν
412 1906 502 1970 ἰδίαν
520 1905 665 1987 δύναμιν
683 1902 738 1970 ἐπί
760 1915 828 1970 τῶν
846 1904 1112 1989 ἀπηλπισμένων.

92 2012 139 2087 είς
165 2012 365 2097 τηλικαύτην
392 2010 424 2077 δ’
446 2013 614 2097 ὑπεροχήν
641 2010 802 2089 ἐλθόντος
834 2011 938 2077 αὐτοῦ
967 2013 1023 2077 καί
1052 2014 1146 2078 τὸνε

89 2117 250 2201 Ὀφέλλαν
269 2120 507 2204 φονεύσαντος,
530 2120 611 2185 όντοι
630 2121 732 2205 φίλον
749 2118 805 2183 καί
828 2115 935 2202 ξένον,
959 2129 1112 2204 φανερῶς

91 2221 316 2309 ἐπεσημήνατο
335 2227 372 2291 τὸ
392 2226 566 2309 δαιμόνιον
585 2227 630 2303 ὡς
647 2227 704 2290 διὰ
721 2227 783 2310 τήν
801 2226 849 2302 είς
868 2233 990 2311 τοῦτον
1007 2247 1111 2310 παρα-

47 2349 73 2388 εο
91 2332 212 2412 νομίαν
229 2342 297 2396 τῶν
314 2331 457 2420 ὕστερον
480 2334 569 2419 αὐτῷ
593 2332 823 2417 γεγενημένων
840 2330 902 2396 *τὸ
925 2337 1024 2398 θεῖον
1043 2330 1111 2397 ἐπι-

91 2440 220 2521 στήσαι·
250 2447 311 2505 τοῦ
338 2441 402 2525 γὰρ
430 2440 534 2506 αὐτοῦ
562 2440 666 2524 μηνὸς
692 2440 748 2505 καί
775 2449 833 2523 τής
860 2438 961 2522 αὐτῆς
987 2438 1111 2525 ήμέρας

87 2540 249 2629 Ὀφέλλαν
285 2544 414 2611 ἀνελὼν
445 2547 610 2633 παρέλαβε
646 2548 707 2631 τήν
741 2547 886 2629 δύναμιν
917 2546 973 2611 καί
1008 2545 1110 2612 πόλιν

161 2737 179 2792 8
211 2735 273 2793 οἷον
299 2747 348 2809 τής
374 2737 458 2802 θείας
484 2739 621 2809 προνοίας
646 2741 681 2807 F3
715 2736 776 2794 οἷον
803 2738 834 2792 ἐκ
861 2738 945 2801 θείας
973 2736 1110 2807 προνοίας

90 2809 182 2863 Madv.
203 2810 217 2862 Ι
238 2827 265 2878 p.
281 2816 347 2878 5153
372 2809 508 2880 τιμωρίαν
532 2820 581 2882 της
606 2812 693 2866 attat
718 2811 757 2872 είς
779 2809 814 2864 τδι
838 2808 902 2864 ὅσια
919 2810 969 2863 καλ
987 2810 1022 2864 τδι
1040 2814 1110 2865 θεία

89 2877 271 2949 παροινείαςθ
307 2882 418 2937 Reiske.
509 2883 526 2937 θ
562 2883 613 2952 τήν
644 2879 774 2950 πλείστην
806 2889 908 2950 μοῖραν
940 2889 988 2951 της
1020 2884 1045 2936 δ.
1078 2881 1108 2935 F.

90 2953 125 3006 10
143 2956 231 3023 μικρῷ
248 2950 325 3022 μέρει
343 2953 420 3078 ἑτῶν
438 2952 637 3026 ἡττηθέντων)
656 2954 767 3008 Reiske.
841 2952 875 3006 ll
894 2952 925 3007 ἐν
944 2951 1060 3026 Σικελίᾳ
1078 2951 1108 3006 F.

90 3024 123 3077 17
142 3021 331 3092 προελθόντος
381 3025 410 3093 (f.
424 3030 466 3094 r.).
522 3025 557 3080 19
575 3024 777 3095 ἐπεσημήνατο]
798 3024 832 3078 ef.
847 3022 976 3078 Kallenb.
992 3024 1004 3077 I
1022 3041 1050 3091 p.
1066 3029 1108 3077 22.

89 3095 124 3150 20
148 3104 204 3150 τῶν
226 3093 348 3164 ὑστέρων
371 3097 446 3169 αύτῷ
467 3103 511 3167 μθ
536 3097 629 3150 Madv,
648 3097 661 3149 I
678 3114 705 3165 p.
721 3101 786 3163 5153
810 3094 900 3167 <ἐπὶ>
919 3102 974 3149 τῶν
993 3093 1108 3162 ὕστερον

90 3167 165 3241 αύτῷ
188 3188 212 3237 γ.
236 3167 364 3222 Kallenb.
386 3168 451 3234 1,1.;
478 3176 537 3230 τοῖς
564 3167 679 3236 ύστερον
704 3169 780 3240 αύτῷ
803 3163 996 3237 γεγενημένοις
1018 3164 1107 3220 Wess.

89 3236 138 3293 *τὸ
156 3243 240 3293 θεῖον
258 3239 404 3309 ἐπιστήσαι
422 3239 620 3310 (ἐπεσημήνατο
634 3240 665 3307 F,
680 3256 748 3297 corr,
763 3239 794 3292 in
807 3254 896 3306 marg.
912 3243 935 3291 2.
946 3240 994 3306 m.)
1013 3236 1107 3304 codd.;

88 3309 175 3364 verba
192 3311 238 3364 vix
257 3327 326 3364 εεωε
350 3310 403 3365 del.
422 3310 511 3365 voluit
528 3311 621 3365 Madv.
639 3310 658 3365 l.
673 3310 705 3376 l.;
731 3307 925 3380 ‘significabat
949 3324 1054 3362 numen
1078 3324 1108 3362 εε

89 3380 228 3449 inhibere,
261 3384 359 3437 sistere
390 3382 462 3436 velle
490 3399 600 3440 cursum
628 3382 740 3436 divinae
767 3380 914 3435 felicitatis
941 3379 972 3434 in
998 3380 1108 3434 futura’

89 3451 205 3520 Reiske3
231 3470 283 3524 ego
306 3454 444 3508 ‘divinam
461 3453 629 3508 vindictam'
651 3454 773 3507 indicari
790 3455 869 3506 ratus
888 3468 951 3504 cum
970 3451 1059 3506 Wess.
1079 3452 1108 3504 et

90 3523 218 3578 Kallenb.
238 3525 359 3581 scribam
379 3525 506 3594 quamvis
525 3525 688 3580 dubitanter
705 3524 756 3594 τήν
774 3523 856 3593 θωὴν
875 3522 1028 3592 ἐπιστήσαι.

893 3630 945 3684 18*
