2460 3848
440 212 594 279 01.11⁷‚4=
615 216 667 266 ιοε
682 209 781 266 ποετ.
1055 214 1120 280 219

101 357 256 444 ἐμπύρων
275 358 474 423 κατάπλουν.
511 358 592 440 μετὰ
611 357 649 422 δέ
671 365 774 422 ταῦτα
792 362 860 423 τῶν
878 357 1122 443 Καρχηδονίων
1140 374 1157 423 4

101 465 278 551 τριάκοντα
309 466 432 531 ναυσίν
463 462 718 530 ἐκπλευσάντων
749 461 800 529 ἐπ’
828 464 950 542 αὐτοὺς
985 466 1023 530 τὸ
1060 464 1122 547 μέν

100 584 235 656 πρῶτον
257 571 458 655 ἐπεβάλοντο
482 580 675 656 ναυμαχεῖν,
702 572 784 656 ταχὺ
808 569 846 635 δέ
868 571 952 656 πρὸς
974 573 1035 656 τήν
1057 580 1122 655 γῆν

101 679 339 766 ἐκδιωχθέντες
370 676 636 762 ἐξεκολύμβησαν
667 680 752 764 πρός
786 700 862 743 τινα
897 679 982 743 ναὸν
1006 673 1121 764 Ἥρας.

52 807 82 848 ἰ
100 787 281 873 γενομένης
303 781 367 852 ούν
389 785 493 870 μάχης
516 785 592 872 περὶ
615 795 683 850 τῶν
706 795 845 869 σκαφῶν
867 785 922 850 καί
944 795 1013 850 τῶν
1031 789 1157 870 Καρ-5

100 895 267 979 χηδονίων
290 890 539 975 ἐπιβαλλόντων
562 891 701 977 σιδηρᾶς
722 901 834 976 χεῖρας
855 892 911 957 καί
933 893 1123 975 βιαιότερον

101 1000 329 1066 ἀποσπώντων
352 999 417 1065 ἀπὸ
440 1009 498 1083 τῆς
519 1008 581 1083 γῆς
604 999 684 1065 δέκα
706 999 768 1082 μέν
790 1000 935 1084 τριήρεις
962 997 1123 1083 ἑάλωσαν,

100 1110 158 1184 τὰς
185 1105 216 1172 δ’
234 1107 336 1183 άλλας
361 1104 398 1172 ἐκ
424 1115 483 1190 τῆς
505 1108 632 1184 πόλεως
655 1104 940 1190 ἐπιβοηθήσαντές
962 1129 1051 1183 τινες
1073 1106 1123 1170 δι-

101 1215 237 1281 έσωσαν.
283 1214 338 1279 καί
361 1214 402 1278 τδι
424 1213 486 1296 μὲν
508 1213 585 1299 περὶ
607 1214 768 1279 Σικελίαν
791 1211 828 1278 ἐν
850 1212 981 1289 τούτοις
1003 1209 1055 1296 ῆν.

55 1342 82 1382 10
172 1320 259 1406 Περί
277 1319 315 1385 δέ
332 1320 394 1403 τῆν
412 1320 545 1404 Λιβύην
566 1321 785 1404 Ἀγαθοκλῆς,
808 1316 921 1404 ἐπειδή
944 1318 1121 1384 κατέπλευ-
1132 1317 1175 1383 33

100 1444 164 1493 σαν
196 1428 229 1493 οί
260 1428 322 1511 τῆν
351 1427 486 1509 Ἀμίλκα
518 1428 670 1511 κεφαλήν
705 1428 907 1509 κομίζοντες,
944 1424 1122 1508 ἀναλαβὼν

99 1535 224 1618 ταύτην
246 1534 301 1599 καί
324 1533 556 1619 παριππεύσας
578 1535 721 1618 πλησίον
743 1542 802 1617 τῆς
823 1535 1034 1618 παρεμβολῆς
1055 1542 1122 1597 τῶν

100 1642 267 1724 πολεμίων
295 1642 343 1718 είς
370 1648 485 1725 φωνῆς
512 1639 617 1725 ἀκοήν
644 1637 747 1717 ἐδειξε
774 1649 844 1716 τοίς
870 1642 1041 1722 πολεμίοις
1066 1638 1122 1704 καί

100 1750 161 1833 τήν
183 1759 251 1814 τῶν
274 1746 507 1833 στρατοπέδων
529 1743 632 1831 ῆτταν
655 1746 866 1832 διεσάφησεν.
912 1747 945 1812 ολ
971 1746 1009 1812 δέ
1031 1749 1156 1831 Καρ-2

55 1877 81 1916 ιε
99 1855 251 1941 χηδόνιοι
278 1860 467 1938 περιαλγεῖς
494 1856 668 1938 γενόμενοι
695 1854 751 1918 καί
780 1856 990 1940 βαρβαρικῶς
1020 1868 1123 1938 προσ-

45 1965 308 2046 4ε9κυνήσαντες
335 1963 514 2047 συμφορὰν
541 1959 670 2026 ἑαυτῶν
694 1958 870 2026 ἐποιοῦντο
897 1962 957 2026 τὸν
979 1969 1040 2025 τοῦ
1063 1962 1122 2042 βα-

100 2069 216 2146 σιλέως
244 2068 397 2133 θάνατον
426 2069 481 2134 καί
510 2069 595 2154 πρὸς
623 2069 683 2134 τὸν
713 2068 794 2133 ὅλον
821 2069 968 2148 πόλεμον
995 2068 1121 2148 άθυμοι

99 2177 383 2259 καθειστήκεισαν.
429 2176 463 2240 οί
485 2176 523 2241 δέ
546 2176 622 2262 περὶ
644 2176 705 2240 τὸν
724 2173 929 2258 Ἀγαθοκλέα
950 2183 1021 2250 τοίς
1045 2172 1123 2259 περὶ

99 2282 233 2366 Λιβύην
256 2283 502 2368 προτερήμασιν
525 2281 728 2369 ἐπαρθέντες
755 2281 960 2366 τηλικούτων
985 2280 1122 2365 εὐτυχη-

55 2411 82 2450 εο
100 2389 213 2472 μάτων
235 2388 512 2474 προσγενομένων
534 2389 692 2475 μετέωροι
714 2398 786 2466 ταῖς
809 2387 940 2455 ἐλπίσιν
961 2387 1122 2472 ἐγενήθη-

101 2512 174 2578 σαν,
205 2496 249 2573 ὡς
279 2494 525 2580 ἀπηλλαγμένοι
552 2507 619 2561 τῶν
647 2498 777 2561 δεινῶν.
828 2496 869 2562 οὐ
896 2497 963 2580 μῆν
989 2495 1010 2579 ῆ
1038 2494 1156 2579 τύχη3

100 2625 138 2687 γε
168 2602 257 2667 είασε
287 2603 349 2686 τήν
378 2601 516 2687 εύροιαν
544 2601 657 2683 μένειν
687 2600 742 2667 ἐπί
770 2612 829 2686 τῆς
858 2602 959 2687 αὐτῆς
991 2601 1121 2686 τάξεως,

100 2706 172 2773 ἀλλ’
194 2707 230 2774 ἐκ
257 2719 324 2774 τῶν
353 2709 449 2774 ίδίων
477 2719 686 2794 στρατιωτῶν
711 2720 756 2795 τῷ
785 2709 933 2799 δυνάστη
960 2711 1039 2785 τοὺς
1066 2730 1121 2791 με·

99 2817 235 2900 γίστους
262 2814 421 2900 ἐπήνεγκε
448 2816 637 2893 κινδύνους.
687 2817 855 2893 Λυκίσκος
883 2816 947 2901 γάρ
976 2838 1027 2892 τις
1052 2826 1121 2881 τῶν

54 2945 80 2985 ιε
99 2919 153 3008 ἐφ’
180 2925 341 3011 ἡγεμονία
374 2921 593 3008 τεταγμένων,
630 2923 864 3007 παραληφθείς
900 2920 957 2987 ὑπ’
982 2924 1121 3005 Ἀγαθο·

99 3029 217 3107 κλέους
235 3027 290 3095 ἐπί
308 3031 345 3095 τὸ
365 3031 515 3113 δεῖπνον,
538 3029 695 3106 οἰνωθεὶς
718 3027 923 3114 ἐβλασφήμει
941 3030 1001 3094 τὸν
1019 3028 1121 3094 δυνά-

100 3152 191 3223 στην.
237 3136 255 3203 ὁ
282 3136 345 3220 μὲν
372 3131 435 3203 οὖν
453 3135 659 3220 Ἀγαθοκλῆς
686 3136 742 3201 διά
769 3137 828 3213 τδις
854 3134 892 3201 ἐν
918 3147 964 3222 τῷ
990 3134 1156 3223 πολέμφ4

169 3366 189 3421 8
220 3365 403 3437 ἐπεβάλλοντο
432 3366 462 3419 F.
549 3364 567 3419 4
594 3363 786 3459 ἐκολύμβησαν
813 3364 843 3419 F.
898 3371 947 3433 τῆς
971 3360 1063 3431 Ἥρας
1089 3363 1120 3418 F.

99 3435 325 3509 δέπιβαλύντων
338 3438 368 3493 1⁴¹.
421 3433 537 3508 ἐδέκα]
557 3435 592 3490 cf.
606 3436 664 3490 ind.
680 3456 708 3490 ι.
758 3435 902 3491 8ἐσωσαυ
916 3435 954 3486 E'„
997 3435 1045 3483 xx
1059 3435 1136 3479 υττε-

24 3559 28 3566 .
99 3509 204 3580 λαιβὼν
221 3508 255 3563 Χ.
317 3509 352 3565 12
370 3509 575 3579 περιιππεύοας
590 3507 626 3564 δ’.
663 3516 715 3580 τῆς
733 3507 923 3575 παρεμβολῆς
939 3493 1176 3593 ὒῶἷῖξζςρ

94 3582 152 3634 ποί,
171 3578 267 3648 Steph.
340 3581 379 3638 16
396 3581 575 3658 ἐποιήσαντο
592 3583 629 3640 F.
700 3580 747 3638 θέλ
763 3577 786 3650 η’
811 3565 1054 3630 ελασεἚυωῖω
1067 3572 1108 3615 ω·
1183 3578 1204 3603 ·.
