2460 3848
451 187 493 242 01.
505 154 565 256 ιιι,
577 195 605 243 1:
625 193 676 243 ειν
692 204 717 243 ι.
729 187 791 243 ehr.
1066 191 1128 257 141

111 333 275 417 ἀνάβασιν
298 339 481 400 ποιεῖσθαι·
515 332 727 417 ὑπελάμβανε
749 336 813 420 γάρ
835 337 915 412 τοὺς
936 334 998 418 μέν
1021 337 1145 417 Βαβυ-,

111 443 253 518 λοινίους
276 442 332 507 διὰ
352 443 413 526 την
431 440 714 527 προϋπάρχουσαν
733 442 869 507 εύνοιαν
887 439 1024 525 ἑτοίμοις
1042 440 1131 528 αύτῷ

110 551 382 634 προσθήσεσθαι,
400 551 480 626 τοὺς
497 548 535 613 δέ
553 548 629 634 περί
643 545 838 632 Ἀυτίγονον
856 549 937 631 μετὰ
954 558 1013 632 της
1031 549 1132 614 δυνά-

110 678 195 738 μεως
230 657 360 740 μακράν
396 651 671 737 ἀπεσπασμένους
706 654 978 741 παραδεδωκέναι
1014 657 1132 741 καιρὸν

79 764 236 828 εοῖκεῖον
265 772 337 839 ταῖς
367 762 467 839 ῖδίαις
494 759 671 845 ἐπιβολαῖς.
721 763 875 847 τοιαύτης
897 761 927 827 δ’
950 763 1053 846 ούσης
1075 771 1166 848 τηςν

110 869 187 956 περί
217 869 320 935 αὐτὸν
349 869 452 955 ὁρμῆς
481 869 514 934 ολ
543 871 702 947 συνόντες
730 872 824 954 φίλοι
850 876 1060 954 θεωροῦντες
1082 869 1132 934 ότι

110 973 179 1061 μετ’
207 977 320 1042 αὐτῶν
344 974 406 1060 μέν
434 976 498 1041 είσι
520 981 689 1054 παντελῶς
712 975 820 1060 ὀλίγοι
843 977 1132 1061 συστρατεύοντες,

111 1093 182 1161 τοῖς
212 1083 250 1148 δέ
281 1085 465 1165 πολεμίοις’
482 1079 535 1167 ἐφ’
568 1081 627 1160 οὓς
662 1082 848 1168 προάγουσι
883 1083 939 1148 καί
976 1083 1159 1166 δυνάμεις’

111 1189 320 1276 ὑπάρχουσιν
348 1187 472 1272 ἕτοιμοι
494 1190 633 1273 μεγάλαι
655 1190 711 1255 καί
732 1191 886 1276 χορηγίαι
909 1190 1055 1274 λαμπραί
1076 1190 1133 1256 καὶ

67 1317 93 1358 ιο
112 1296 292 1382 συμμάχων
323 1301 468 1380 πλῆθος,
499 1295 539 1361 ού
569 1297 709 1381 μετρίοις
737 1296 904 1379 ἠθύμουν.7
955 1295 1014 1372 οὓς
1043 1296 1167 1382 ὁρῶνο

110 1403 444 1489 καταπεπληγμένους
462 1402 481 1468 ὁ
500 1401 665 1479 Σέλευκος
683 1402 874 1488 παρεκάλει,
896 1402 1062 1469 διδάσκων
1082 1404 1133 1469 ὅτι

111 1514 188 1588 τοὺς
210 1506 415 1596 Ἀλεξάνδρῳ
439 1511 760 1594 συνεστρατευκότας
782 1508 839 1575 καί
861 1509 907 1574 δι’
929 1508 1048 1594 ἀρετηυ
1071 1509 1129 1573 ὑπ’

111 1616 241 1684 ἐκείνου
264 1615 495 1703 προηγμένους
517 1619 676 1700 προσήκει
698 1618 742 1701 μη
765 1616 897 1693 πάντως
919 1616 1059 1700 δυνάμει
1077 1618 1132 1683 καί

111 1729 254 1810 χρήμασι
283 1724 486 1800 πεποιθότας
515 1721 714 1807 ἀντέχεσθαι
743 1725 955 1810 πραγμάτων,
979 1725 1052 1790 ἀλλ’
1078 1722 1133 1807 ἐμ·
1185 1805 1188 1809 .

67 1849 93 1891 ιι
111 1834 223 1920 πειρίηι
254 1831 310 1897 καὶ
342 1829 490 1914 συνέσει,
522 1829 567 1894 δι’
596 1823 644 1895 ὧν
673 1830 825 1907 κάκεῖνος
854 1832 895 1896 τά
924 1831 1049 1914 μεγάλα
1077 1831 1133 1897 καί

111 1940 200 2024 παρά
230 1946 311 2002 πᾶσι
339 1938 575 2020 θαυμαζόμενα
603 1936 848 2020 κατειργάσατο.
899 1938 1067 2003 πιστεύειν
1095 1937 1133 2003 δέ

111 2046 184 2111 δεῖν
212 2044 267 2110 καί
294 2054 366 2121 ταῖς
388 2055 456 2110 τῶν
478 2050 571 2109 θεῶν
593 2047 797 2129 προρρήσεσι
818 2045 856 2109 τὸ
879 2042 973 2120 τέλος
995 2041 1133 2109 ἔσεσθαι

111 2161 168 2237 τῆς
197 2152 368 2237 στρατείας
391 2149 485 2228 άξιον
507 2159 565 2233 τῆς
587 2148 755 2235 ἐπιβολῆς·
792 2149 830 2216 ἐν
852 2149 914 2233 μέν
937 2152 1000 2237 γάρ
1024 2155 1132 2235 Βραγ-
1151 2169 1168 2217 4

111 2259 219 2344 χίδαις
237 2258 340 2323 αύτού
359 2257 679 2344 χρηστηριαζομένου
696 2258 754 2323 τὸν
767 2259 852 2323 θεὸν
866 2265 1133 2344 προσαγορεύσαι

58 2340 287 2450 ἔὲρΣέλευκον
305 2363 453 2449 βασιλέα,
471 2366 531 2430 τὸν
550 2364 588 2430 δέ
604 2363 822 2450 Ἀλέξανδρον
839 2365 919 2431 καθ’
935 2363 1045 2430 ύπνον
1063 2362 1133 2430 ἐπι-

114 2472 236 2537 στάντα
266 2483 419 2557 φανερῶς
449 2472 649 2556 διασημᾶναι
678 2472 754 2557 περί
782 2482 840 2556 της
870 2469 1027 2556 ἐσομένης
1057 2472 1133 2556 ἡγε-

113 2580 245 2662 μονίας,
276 2576 315 2663 ης
347 2579 400 2644 δεῖ
428 2589 541 2663 τυχεῖν
571 2579 674 2644 αύτὸν
703 2580 881 2664 προϊόντος
910 2588 969 2644 τοῦ
999 2580 1132 2665 χρόνου.

112 2687 196 2772 πρὸς
227 2685 265 2752 δέ
296 2686 427 2763 τούτοις
456 2687 658 2770 ἀπεφαίνετο
688 2686 774 2751 διότι
803 2686 911 2751 πάντα
940 2687 1066 2770 γίνεται
1092 2686 1167 2751 τδισ

112 2795 196 2859 καλά
218 2793 274 2859 καλ
297 2794 376 2879 παρ’
398 2793 592 2877 ἀνθρώποις
614 2793 849 2874 θαυμαζόμενα
872 2793 927 2858 διά
946 2793 1059 2857 πόνων
1077 2791 1133 2857 καὶ

67 2919 95 2960 ²⁶
111 2900 290 2966 κινδύνοιν.
327 2897 534 2965 ἐπολιτεύετο
558 2898 595 2964 δέ
617 2899 672 2965 καί
694 2900 778 2984 πρὸς
795 2902 874 2976 τοὺς
892 2898 1132 2983 συστρατεύον-

113 3030 170 3084 τας
192 3007 248 3073 καλ
270 3005 504 3083 κατεσκεύαζεν
522 3004 626 3071 αὑτὸν
644 3005 720 3071 ίσον
738 3006 872 3090 ἅπασιν,
891 3006 977 3071 ὥσθ’
995 3003 1132 3070 ἕκαστον

114 3115 283 3180 αἰδεῖσθαι
305 3113 360 3179 καί
383 3112 420 3178 τὸ
443 3111 636 3197 παράβολον
659 3122 716 3197 τῆς
736 3100 857 3198 τόλμης
875 3111 1034 3189 ἑκουσίως
1051 3110 1132 3176 ὑπο-

112 3408 114 3413 ,
184 3340 202 3395 3
220 3340 288 3411 μετὰ
306 3339 450 3411 δυνάμεως
469 3341 499 3395 F.
578 3340 593 3395 7
613 3338 656 3395 δτι
673 3339 731 3411 μετ’
748 3341 841 3395 αὐτῶν
859 3340 930 3395 εἰσιν
949 3337 1038 3410 ὀλίγοι
1056 3337 1133 3408 φίλοι

113 3428 136 3467 σ.
155 3412 185 3467 F.
236 3410 381 3482 θέτοῐμαι
398 3413 428 3466 F.
480 3412 516 3468 14
532 3420 588 3467 τῶν
606 3431 708 3482 πραγμ.
727 3411 758 3467 F.
806 3412 840 3466 1²
861 3413 908 3465 δεῖ
921 3411 960 3463 β,
997 3411 1044 3460 KQ
1062 3425 1149 3466 mu-

111 3491 174 3556 ,ηᾶῖ
191 3483 222 3538 F·
259 3481 413 3556 Romuleae
430 3484 461 3539 F·
527 3483 564 3541 19
583 3483 844 3556 προαγορεύοαιθ.
861 3466 1178 3550 ζοοῐιλωᾩξκεὶ-

108 3553 181 3620 Λευ
196 3553 255 3622 θεν.
269 3561 311 3611 ιε.
350 3554 384 3613 21
401 3558 631 3632 οασημηιαιε.
671 3556 714 3614 ιε
728 3556 801 3616 ειυς
814 3549 927 3608 mx,
962 3542 1012 3596 «ιε
1026 3523 1203 3587 ww-
