2460 3848
101 187 167 254 202
470 183 584 240 Diodor.
594 183 645 237 XX
660 189 702 240 21.
713 190 756 239 22.

102 327 225 412 έπεμψε
252 340 321 396 τῶν
349 331 458 415 φίλων
484 331 638 415 Ἄργαλον
665 329 721 395 καλ
748 330 993 416 Καλλικράτην,
1022 347 1125 416 προσ-

101 436 199 515 τάξας
226 437 340 514 αὐτούς
368 436 500 502 ἀνελελν
526 438 587 502 τὸν
608 435 790 503 Νικοκλέα·
818 437 907 503 πάνυ
936 439 1000 523 γὰρ
1028 437 1125 503 εύλα-

101 547 191 627 βελτο
219 545 263 628 μή
291 544 346 609 καί
373 554 441 629 τῶν
469 544 580 609 ἀλλων
606 543 695 621 τινές
723 543 892 629 ὁρμήσωσι
919 546 1003 630 πρὸς
1028 567 1125 628 μετα-

101 654 217 736 βολήν,
260 651 403 737 ὁρῶντες
444 647 580 739 ἀθηύους
621 653 800 734 γεγονότας
840 654 919 729 τούς
960 653 1125 737 πρότερον

101 758 335 844 ἀφεστηκότας.
372 753 466 823 οὗτοι
483 757 545 841 μὲν
564 751 628 823 οὖν
646 757 849 835 πλεύσαντες
872 759 919 836 είς
939 760 1001 843 τήν
1018 768 1124 842 νήσου
1158 782 1172 823 ε

101 866 156 931 καλ
179 867 268 951 παρὰ
286 864 464 930 Μενελάου
487 873 549 931 τού
572 873 759 951 στρατηγοῦ
783 865 983 950 στρατιώτας
1004 867 1124 948 λαβόν-

100 995 154 1050 τες
186 971 405 1058 περιέστησαν
436 972 498 1055 τήν
530 973 640 1038 οἰκίαν
671 980 731 1038 τοῦ
758 971 966 1049 Νικοκλέους
996 973 1052 1039 καί
1083 974 1125 1038 τά

101 1078 243 1157 δόξαντα
274 1089 319 1168 τῷ
354 1082 485 1162 βασιλεύ
520 1079 730 1164 δηλώσαντες
765 1078 971 1165 προσέταξαν
1003 1077 1124 1145 ἐαυτὸν

65 1185 285 1265 νάπαλλάξαι
312 1195 373 1251 τοῦ
404 1188 470 1270 ζήν.
518 1184 536 1251 ὁ
567 1185 605 1251 δέ
633 1187 672 1251 τὸ
701 1186 763 1269 μὲν
790 1197 924 1272 πρῶτον
951 1188 1035 1272 πρὸς
1062 1187 1124 1270 τήν

101 1293 285 1377 ἀπολογίαν
312 1290 466 1378 ἐτρέπετο
492 1303 561 1358 τῶν
589 1291 854 1376 ἐγκαλουμένων·
885 1293 930 1371 ὡς
958 1293 991 1358 δ’
1013 1292 1125 1370 ούδελς
1144 1317 1172 1356 ιο

101 1409 287 1486 προσεῖχεν,
310 1397 432 1465 ἑαυτὸν
451 1398 652 1465 ἀπέκτεινεν.
685 1395 838 1478 Ἀξιοθέα
856 1400 893 1466 δέ
911 1401 932 1484 ή
953 1401 1039 1485 γυνή
1063 1409 1124 1466 τοῦ

100 1506 308 1584 Νικοκλέους
337 1505 507 1571 ἀκούσασα
538 1507 600 1591 τήν
630 1505 754 1592 ἀνδρὸς
784 1508 942 1592 τελευτήν
973 1509 1032 1585 τάς
1062 1507 1125 1590 μὲν

100 1613 290 1699 θυγατέρας
321 1614 380 1690 τάς
411 1610 529 1696 ἑαυτῆς
561 1613 755 1699 παρθένους
786 1615 889 1692 ούσας
923 1611 1124 1699 ἀπέσφαξεν,

101 1722 190 1798 ὅπως
219 1720 334 1805 μηδείς
364 1719 476 1784 αὐτῶν
505 1719 661 1803 πολέμιος
689 1721 865 1811 κυριεύση,
896 1721 954 1798 τὰς
987 1720 1025 1787 δέ
1055 1732 1125 1786 τῶν

102 1827 258 1912 ἀδελφῶν
281 1837 349 1892 τῶν
371 1825 579 1904 Νικοκλέους
606 1835 767 1911 γυναίκας
794 1826 1020 1913 προετρέψατο
1043 1827 1121 1910 μεθ’
1145 1849 1172 1890 ιο

102 1934 203 2017 αὐτῆς
225 1931 363 1999 ἑλέσθαι
384 1934 445 1998 τὸν
468 1933 629 2018 θάνατον,
653 1933 755 1999 οὐδὲν
779 1936 1016 2018 συντεταχότος
1035 1937 1125 1999 Πτο-

102 2043 238 2124 λεμαίου
262 2040 338 2126 περὶ
360 2051 428 2106 τῶν
446 2051 626 2124 γυναικῶν,
649 2040 733 2106 ἀλλὰ
756 2042 1045 2126 συγκεχωρηκότος
1066 2041 1125 2106 αύ-

65 2167 81 2216 3
101 2158 172 2226 ταῖς
195 2149 256 2232 τήν
277 2146 470 2232 ἀσφάλειαν.
507 2156 575 2211 τῶν
594 2146 632 2211 δέ
654 2149 833 2230 βασιλείων
856 2147 1124 2233 πεπληρωμένων

102 2257 218 2341 φόνων
241 2254 296 2320 καί
320 2252 569 2336 συμπτωμάτων
593 2252 853 2339 ἀπροσδοκήτων
876 2256 909 2320 οἱ
936 2264 996 2320 τοῦ
1018 2259 1124 2320 Νικο-

100 2361 218 2439 κλέους
254 2359 396 2446 άδελφολ
432 2361 686 2443 συγκλείσαντες
723 2362 781 2438 τάς
818 2362 929 2448 θύρας
964 2363 1025 2446 τήν
1061 2361 1124 2445 μέν
1144 2385 1172 2425 κο

21 2451 23 2455 ’
101 2469 211 2534 οίκίαν
229 2466 432 2552 ἐνέπρησαν,
459 2464 598 2544 ἑαυτοὺς
625 2467 658 2532 δ’
675 2467 879 2553 ἀπέσφαξαν.
923 2469 944 2552 ἡ
972 2468 1035 2551 μὲν
1060 2463 1124 2534 οὖν

101 2585 168 2640 τῶν
191 2572 229 2639 ἐν
252 2573 362 2662 Πάφφ
386 2573 551 2656 βασιλέων
574 2575 662 2639 οίκία
689 2585 858 2660 τραγικοῖς
885 2578 1124 2661 συγκυρήσασα

101 2682 225 2747 πάθεσι
248 2681 307 2746 τὸν
326 2679 502 2766 εἰρημένον
524 2683 650 2767 τρόπον
672 2682 849 2766 κατελύθη.
885 2682 978 2766 ήμείς
1001 2681 1039 2748 δὲ
1056 2683 1178 2767 τήνεκι

102 2787 306 2872 ἀπαγγελίαν
338 2798 405 2853 τῶν
438 2789 541 2866 (κατὰ
568 2789 630 2873 τήν
658 2789 823 2875 Κύπρον)
851 2789 1041 2873 γεγονότων
1074 2789 1124 2854 δι-

102 2897 259 2971 ελθόντες
282 2893 336 2960 ἐπί
363 2897 421 2972 τὰς
444 2905 595 2979 συνεχεῖς
621 2892 755 2981 πράξεις
777 2895 1040 2979 μεταβιβάσομεν
1063 2897 1125 2962 τὸν
1144 2919 1171 2961 ιτ

101 3005 211 3087 λόγον.

172 3191 336 3268 4ἀθύους]
360 3192 486 3264 ἀθρόους
504 3195 530 3249 R
548 3198 628 3265 (corr
648 3201 672 3249 2.
687 3213 737 3262 m.;
757 3195 792 3249 cf.
811 3195 850 3249 XI
870 3201 911 3263 77,
927 3201 956 3263 63
976 3196 1047 3251 coni.
1066 3197 1124 3252 inv.

100 3250 281 3336 Kaltwasse‘r)
295 3265 334 3319 X·
327 3283 399 3336 3pr0
413 3266 471 3321 illis
486 3265 541 3335 δρῶ
520 3287 575 3322 ωτν
560 3267 668 3329 τες-ἀ
692 3263 826 3335 εστηκότα
807 3287 841 3329 ς
854 3267 925 3322 haec
940 3267 1124 3337 supponitF.

100 3337 150 3401 οὓς
168 3335 295 3406 ἀθρόους
313 3335 463 3408 γεγονότας
485 3339 518 3393 ού
543 3337 643 3407 όάδιον
658 3287 701 3430 ἀν
725 3341 808 3393 συλλα
790 3340 878 3410 αβεῑν.
951 3339 986 3393 12
1003 3347 1053 3394 τού
1073 3341 1126 3395 ἀν-

93 3407 166 3474 δρός
180 3410 211 3464 F
277 3409 352 3480 14μ
353 3411 435 3479 ηθελς
452 3408 485 3462 X.
547 3409 583 3463 15
601 3408 667 3477 μεθ’
684 3408 832 3480 ἐαυτήςδ.
895 3410 929 3464 22
920 3408 1037 3551 ἡοἰκία]
1058 3427 1126 3482 συγ-

63 3475 182 3600 Ιχένεια
206 3481 239 3537 F.
327 3482 365 3538 24
399 3477 570 3554 ἐπαγγελίαν
596 3480 630 3544 F.
700 3489 738 3535 τω
718 3501 754 3536 ων
784 3480 937 3554 <κατὰή
904 3502 955 3537 τν
938 3483 1125 3558 νΚύπρον)

109 3547 185 3606 ιἐίεε
249 3553 437 3632 διελθόντες]
460 3556 569 3630 διαλαβ
571 3552 700 3620 όνεεςδ

19 3736 25 3799 ί
