2460 3848
128 182 192 249 186
501 180 768 237 Diodor.XX9.10.

127 325 198 392 δέοι
224 326 389 413 πράττειν.
435 328 660 414 στρατόπεδον
682 325 829 412 μὲνγὰρ
858 327 920 419 οὐκ
946 323 991 411 ἦν
1012 329 1146 411 ἕτοιμον

127 435 164 498 τὸ
192 429 381 517 δυνάμενον
408 432 659 518 ἀντιτάξασθαι,
687 435 724 499 τὸ
752 433 790 499 δὲ
816 434 987 498 πολιτικὸν
1015 439 1146 518 πλῆθος

127 542 265 627 ἀπειρον
289 541 329 606 δν
351 541 497 624 πολέμου
520 541 831 625 προκαταπεπτώκει
852 550 924 618 ταῖς
945 550 1081 626 ψυχαῖς,
1112 544 1146 607 οί

126 646 277 731 πολέμιοι
300 648 338 712 δὲ
360 650 503 733 πλησίον
531 642 617 713 εἶναι
643 658 711 712 τῶν
727 647 856 732 τειχῶν
882 649 1145 731 προσεδοκῶντο.

91 751 211 820 σένιοι
232 754 294 836 μὲν
317 749 379 820 οὖν
407 752 537 840 ἔφασαν
559 755 764 841 πρεσβευτάς
790 753 875 840 ὑπὲρ
904 756 1037 840 εἰρήνης
1064 755 1145 820 ἀπο·
1178 775 1190 815 ε

127 859 276 926 στέλλειν
298 863 389 947 πρὸς
402 861 619 945 Ἀγαθοκλέα,
642 862 720 938 τοὺς
744 860 866 937 αὐτοὺς
888 861 954 942 άμα
974 861 1029 927 καί
1047 885 1146 927 κατα-

127 969 272 1045 σκόπους
294 966 474 1051 ἐσομένους
495 979 563 1035 τῶν
585 969 675 1054 παρά
697 977 767 1045 τοῖς
789 968 973 1051 πολεμίοις,
996 966 1084 1046 τινὲς
1107 969 1146 1033 δὲ

126 1073 300 1157 ἀναμεῖναι
327 1074 421 1159 μέχρι
445 1073 487 1139 ἀν
508 1084 635 1158 γνῶσιν
659 1073 803 1160 ἀκριβῶς
829 1073 967 1140 ἕκαστον
994 1085 1061 1140 τῶν
1088 1096 1146 1141 πε-

125 1180 332 1266 πραγμένων,
369 1181 523 1265 τοιαύτης
541 1181 578 1246 δὲ
597 1180 788 1266 συγχύσεως
808 1182 871 1265 τὴν
888 1182 987 1246 πόλιν
1006 1180 1145 1266 ἐχούσης

125 1287 351 1353 κατέπλευσαν
369 1289 402 1354 ol
420 1287 630 1373 πεμφθέντες
649 1286 793 1352 ἀπὸτοῦ
816 1287 987 1373 ναυάρχου
1009 1288 1064 1353 καί
1087 1290 1146 1366 τάς
1164 1309 1191 1349 ιο

74 1393 116 1458 10
126 1396 233 1471 αἰτίας
257 1405 324 1460 τῶν
347 1393 588 1480 πεπραγμένων
610 1392 790 1480 ἐδήλωσαν.
836 1392 1145 1478 ἀναθαρσησάντων

126 1495 189 1566 οὖν
216 1501 352 1567 πάντων
378 1501 479 1567 πάλιν
506 1511 578 1578 ταῖς
603 1512 725 1586 ψυχαῖς
752 1501 772 1584 η
801 1502 960 1586 γερουσία
982 1503 1060 1579 τοὺς
1083 1502 1147 1583 μὲν

125 1608 313 1693 ναυάρχους
337 1609 484 1685 ἅπαντας
506 1607 741 1691 κατεμέμψατο
758 1608 809 1673 ὅτι
836 1612 1146 1693 θαλαττοκρατοῦν-

125 1737 178 1791 τες
210 1715 326 1779 είασαν
357 1716 519 1798 πολεμίαν
550 1715 695 1797 δύναμιν
727 1713 882 1798 ἐπιβῆναι
915 1724 973 1798 τῆς
1004 1716 1145 1800 Λιβύης,
1172 1758 1176 1765 -

126 1822 330 1907 στρατηγοὺς
358 1820 396 1886 δὲ
423 1818 598 1898 ἀπέδειξαν
625 1831 693 1887 τῶν
719 1821 894 1904 δυνάμεων
908 1818 1063 1887 ’Ἁννωνα
1088 1823 1146 1887 καί
1164 1841 1189 1882 ιε

90 1945 105 1992 2
125 1929 326 2014 Βορμίλκαν,
349 1925 507 2016 πατρῴαν
525 1925 652 2014 ἔχθραν
671 1925 818 2012 ἔχοντας·
841 1928 986 2012 ἡγοῦντο
1004 1930 1069 2014 γάρ
1088 1929 1146 1995 διά

125 2036 186 2119 την
211 2036 301 2101 ίδίαν
323 2036 454 2112 τούτοις
481 2034 637 2100 ἀπιστίαν
660 2035 715 2099 καί
743 2035 910 2120 διαφοράν
932 2037 1050 2120 κοινην
1075 2032 1146 2101 ἔσε-

94 2128 96 2132 ⁴
125 2149 207 2208 σθαι
238 2153 296 2227 τῆς
328 2145 454 2220 πόλεως
486 2140 678 2226 ἀσφάλειαν.
728 2143 815 2206 πολὺ
847 2141 885 2207 δὲ
916 2142 1145 2228 διεσφάλησαν

123 2258 181 2333 τῆς
211 2249 379 2333 ἀληθείας.
425 2248 443 2314 ὁ
472 2249 537 2332 γάρ
567 2250 753 2334 Βορμίλκας
782 2248 883 2313 πάλαι
912 2248 975 2332 μὲν
1002 2244 1046 2332 ἦν
1076 2246 1146 2314 ἐπι-

124 2358 276 2441 θυμητὴς
303 2355 517 2442 τυραννίδος,
546 2354 607 2419 οὐκ
634 2352 719 2440 ἔχων
742 2356 775 2419 δ’
792 2352 947 2433 ἐξουσίαν
969 2355 1049 2420 οὐδὲ
1073 2379 1145 2432 και-
1164 2376 1191 2416 uo

126 2464 186 2548 ρὸν
209 2465 334 2528 οἰκεῖον
356 2471 427 2538 ταῖς
450 2459 620 2543 ἐπιβολαῖς
643 2464 717 2527 τότε
740 2458 859 2544 ἐλαβεν
881 2461 1034 2548 ἀφορμάς
1057 2460 1145 2541 ἀξιο-

89 2570 259 2652 ελόγους,
282 2578 393 2653 τυχῶν
410 2577 469 2652 τῆς
492 2570 696 2652 στρατηγίας.
733 2570 823 2633 αίτία
846 2568 883 2634 δὲ
905 2569 1045 2652 μάλιστα
1067 2571 1145 2636 τού-

124 2699 191 2741 των
217 2677 238 2759 η
266 2677 350 2760 πρὸς
376 2677 435 2753 τάς
461 2676 618 2761 τιμωρίας
646 2677 761 2759 πικρία
791 2687 859 2740 τῶν
886 2677 1144 2762 Καρχηδονίων·

193 2905 212 2958 3
237 2904 504 2973 προκαταπεπτώκει
525 2903 576 2957 RX
602 2920 770 2972 προσκατεπ.
789 2905 819 2959 Β.
900 2904 919 2958 4
950 2900 1035 2977 εἶναι]
1069 2902 1145 2960 ἰέναι

123 2975 387 3044 Hertl.112p.17.
469 2976 486 3030 5
511 2972 562 3030 οὖν
589 2992 642 3030 om.
663 2976 694 3041 F,
719 2976 811 3045 suppl.
832 2981 907 3031 zm.
963 2975 1088 3043 ἔφασκον
1112 2978 1143 3032 F.

123 3048 141 3102 8
165 3045 260 3118 μέχρις
284 3047 314 3101 F.
395 3046 413 3101 θ
437 3047 571 3101 usitatius
599 3046 750 3117 ἐπεχούσης
777 3047 822 3116 (cf.
842 3063 866 3101 e.
885 3066 913 3117 g.
935 3043 1027 3101 XVIII
1047 3052 1090 3114 63,
1105 3051 1143 3116 4).

123 3120 157 3173 ll
177 3117 438 3187 ἀναθαρρησάντων
453 3119 482 3173 F.
538 3117 573 3172 12
591 3117 705 3173 πάντων
724 3135 777 3172 om.
791 3119 821 3172 F.
872 3117 907 3172 13
925 3121 1097 3186 θαλασσοκρ.
1112 3120 1143 3173 Β.

121 3189 158 3244 15
182 3187 308 3255 ἀπέδειξε
331 3190 361 3243 F.
393 3188 501 3244 ’Άνωνα
519 3190 550 3244 Β.
622 3189 658 3244 16
676 3186 834 3259 Βορμίλκαν
859 3190 939 3244 codd.
958 3206 1081 3259 semper3
1108 3191 1144 3246 de

122 3261 208 3315 variis
235 3261 356 3315 nominis
388 3261 485 3315 formis
513 3258 675 3329 (Βομίλκαςς
707 3259 876 3331 Βοδμίλκας;
910 3259 1077 3331 Βοαμίλκας)
1107 3262 1143 3317 cf.

122 3331 207 3387 Niese
227 3349 271 3401 ap.
291 3332 379 3387 P.-W.
399 3349 419 3387 s.
434 3351 468 3399 τ,
487 3331 538 3385 ubi
556 3329 713 3401 Βορμίλκας
731 3332 878 3387 omittitur.
916 3332 965 3387 διὰ
984 3332 1038 3387 del.
1057 3332 1143 3389 Diud.

118 3402 158 3456 18
179 3402 349 3476 ἀσφάλειαν]
372 3412 421 3474 τῆς
444 3400 581 3472 σωτηρίας
603 3403 668 3457 add.
689 3403 711 3456 F
735 3404 775 3472 (iu
797 3420 886 3473 marg.
911 3411 935 3458 2.
954 3421 991 3458 m.
1016 3403 1046 3458 έν
1070 3403 1143 3478 ἄλλῳ

102 3491 149 3538 γρ.
165 3473 327 3546 ἀληθείας).
405 3474 448 3532 18.
464 3474 501 3532 19
519 3475 590 3530 πολὺ
610 3474 640 3530 δέ
660 3474 849 3544 διεσφάλησαν
865 3483 914 3545 τῆς
932 3472 1069 3544 ἀληθείας
1087 3493 1142 3530 om.

89 3539 121 3604 F}
144 3546 244 3613 suppl.
267 3554 286 3602 2
310 3567 350 3608 m.
369 3549 403 3605 in
424 3566 518 3622 marg.
593 3548 631 3604 22
651 3547 683 3604 δε
699 3545 805 3611 oud.
