2460 3848
440 184 482 240 01.
494 192 593 252 116,1:
613 185 779 242 3111011.
1076 190 1118 254 47

101 354 169 397 των
192 331 283 410 εἴλας
304 331 367 397 δύο
391 330 609 418 ξυστοφόρων
631 329 821 415 ἐπιλέκτων,
851 330 959 415 βάθος
982 330 1121 416 ἐχούσας

104 437 230 505 ἱππέων
263 443 478 524 πεντήκοντα.
532 439 588 505 καὶ
624 448 753 524 συνῆψε
788 437 851 522 μὲν
882 438 1021 514 τούτους
1053 448 1156 515 τοῖς3

101 543 307 631 ὑπερδεξίοις
329 554 388 630 της
409 545 574 634 ὑπωρίας,
596 545 670 632 ἑξῆς
692 545 731 612 δέ
753 545 883 622 τούτοις
901 544 1122 630 Στάσανδρον

101 655 161 718 τὸν
184 654 371 739 στρατηγὸν
393 649 506 731 ἔταξεν
529 651 648 738 ἔχοντα
670 655 748 730 τοὺς
773 653 879 729 ἰδίους
899 653 1008 729 ἱππεῖς
1026 650 1122 717 ἐννα·

69 761 236 838 εκοσίους
260 763 473 845 πεντήκοντα.
518 761 599 844 μετά
622 761 660 827 δέ
682 761 822 837 τούτους
849 756 988 844 ἔστησεν
1007 754 1122 842 Ἀμφί-
1140 777 1157 825 4

101 891 207 952 μαχον
230 868 290 932 τὸν
307 869 566 949 Μεσοποταμίας
586 866 768 952 σατράπην,
792 858 820 954 ᾦ
843 865 1122 951 συνηκολούθουν

103 975 212 1051 ίππελς
249 972 427 1058 ἑξακόσιοι,
468 973 698 1050 συνάπτοντας
734 973 772 1040 δὲ
807 973 937 1051 τούτοις
973 975 1052 1050 τοὺς
1088 970 1122 1050 ἐξ

98 1077 292 1166 Ἀραχωτῶν
317 1082 425 1157 λππεῑς
448 1079 654 1166 ἑξακοσίους,
677 1075 725 1146 ὧν
746 1082 858 1165 ἡγεῖτο
879 1082 1043 1167 πρότερον
1061 1078 1122 1162 μέν

102 1188 298 1273 Σιβύρτιος,
325 1188 382 1253 διά
409 1188 447 1254 δὲ
473 1190 535 1274 τὴν
559 1186 690 1254 ἐκείνου
714 1189 828 1272 φυγὴν
850 1190 1038 1272 μετειλήφει
1061 1188 1122 1272 τὴν

56 1324 83 1362 1ο
100 1295 282 1379 ἡγεμονίαν
312 1295 489 1380 Κεφάλων.
541 1292 615 1381 ἐξης
648 1292 678 1360 δ’
704 1291 791 1379 ἦσαν
822 1296 1032 1360 πεντακόσιοι
1061 1293 1156 1375 μένο

101 1400 138 1468 ἐκ
161 1402 465 1488 Παροπανισαδῶν,
488 1403 521 1468 ολ
543 1402 581 1468 δέ
604 1402 734 1479 τούτοις
757 1401 825 1468 ἴσοι
847 1406 973 1489 Θρᾷκες
996 1399 1122 1466 ἐκτῶν

101 1510 171 1575 άνω
193 1520 379 1575 κατοικιῶν.
424 1510 489 1595 πρὸ
514 1509 552 1574 δέ
573 1509 702 1575 τούτων
730 1508 886 1575 ἁπάντων
913 1505 1027 1586 ἔταξεν
1054 1505 1121 1573 ἐλέ·

102 1638 229 1700 φαντας
252 1615 313 1699 μεν
331 1614 369 1681 ἐν
387 1614 572 1704 ἐπικαμπίῳ
589 1616 834 1702 τεσσαράκοντα
852 1616 965 1700 πέντε,
989 1613 1123 1693 τοξότας

101 1722 140 1788 δὲ
167 1722 223 1788 καὶ
250 1724 479 1807 σφενδονήτας
507 1714 544 1788 ἐν
571 1709 641 1800 τοῖς
668 1733 736 1790 τῶν
761 1726 895 1809 θηρίων
925 1724 1123 1806 διαστήμασι

56 1855 82 1895 ιε
100 1832 180 1906 τοὺς
212 1829 355 1907 ίκανούς.
406 1837 529 1895 τοῦτον
558 1829 596 1896 δέ
624 1831 684 1896 τὸν
712 1831 840 1915 τρόπον
870 1830 1157 1916 ὀχυρωσάμενοςο

101 1939 138 2002 τὸ
167 1938 263 2002 λαιὸν
289 1935 387 2022 κέρας
413 1946 564 2021 συνῆψεν
592 1936 681 2022 αὐτῷ
708 1937 770 2020 τὴν
793 1937 956 2022 φάλαγγα.
1002 1937 1124 2022 ταύτης

102 2043 140 2109 δὲ
170 2045 208 2109 τὸ
240 2044 344 2129 άκρον
375 2041 509 2128 ἐπεῖχον
541 2043 574 2108 ολ
607 2041 711 2126 ξένοι,
747 2044 883 2121 πλείους
919 2043 1014 2120 όντες
1055 2053 1123 2108 τῶν

101 2148 339 2235 ἑξακισχιλίων,
368 2153 406 2216 τὸ
430 2149 460 2215 δ’
483 2147 557 2236 ἐξης
580 2151 613 2216 ολ
635 2148 906 2232 καθωπλισμένοι
928 2149 990 2232 μὲν
1013 2150 1060 2226 εἰς
1083 2150 1123 2212 τά

101 2257 332 2340 Μακεδονικά,
365 2257 573 2322 παντοδαποὶ
605 2252 636 2321 δ’
664 2257 758 2334 ὄντες
789 2266 859 2334 τοῖς
890 2253 1038 2339 ἔθνεσιν,
1075 2257 1123 2332 εἰς

56 2389 83 2428 ιο
101 2365 395 2449 πεντακισχιλίους.
436 2365 533 2430 Μετὰ
555 2363 594 2430 δὲ
615 2365 756 2442 τούτους
778 2362 967 2448 ἐτάχθησαν
989 2364 1023 2429 ολ
1044 2367 1120 2428 Μα-
1130 2362 1173 2426 28

47 2472 240 2548 ιεεκεδόνες
265 2470 524 2557 ἀργυράσπιδες,
547 2472 642 2549 ὄντες
668 2471 730 2554 μὲν
758 2473 893 2548 πλείους
918 2472 1121 2556 τρισχιλίων,

102 2575 252 2662 ἀνίκητοι
275 2577 391 2644 δὲκαὶ
414 2579 470 2642 διά
492 2580 550 2655 τάς
574 2575 692 2664 ἀρετάς
714 2580 823 2644 πολὺν
846 2578 957 2663 φόβον
981 2579 1121 2663 παρεχό-

100 2707 196 2767 μενοι
223 2694 292 2762 τοῖς
319 2685 496 2767 πολεμίοις.
539 2682 594 2750 ἐπὶ
616 2693 697 2749 πᾶσι
724 2685 762 2751 δὲ
784 2683 886 2762 *τοὺς
909 2683 946 2750 ἐκ
967 2696 1036 2751 τῶν
1058 2684 1120 2750 ὑπ-

173 2913 189 2967 1
203 2911 279 2975 είλας
293 2912 374 2968 οοδδ.
385 2929 501 2982 semper.
535 2911 642 3039 χδάθος]
657 2912 743 2967 immo
756 2921 844 2983 μῆκος
857 2912 968 2968 Reiske.
1018 2912 1036 2967 2
1056 2930 1120 2967 συν-

100 2984 169 3055 ῆψε]
189 2985 240 3039 οδν
258 2985 289 3050 F,
309 3001 377 3040 corr.
393 2990 469 3038 zm.
514 3004 565 3054 μν
589 3001 642 3038 om.
662 2982 720 3038 RX.
792 2983 877 3054 θτῆς
894 2981 1052 3052 ύπερωρίας
1069 2984 1120 3038 RX

99 3056 166 3118 τοὺς
192 3053 359 3123 ὑπερορίους
382 3055 418 3122 F3
447 3072 515 3111 corr.
538 3055 629 3110 Rhod.
700 3053 882 3124 Τάσσανδρος
906 3052 1061 3124 στρατηγὸν
1089 3056 1119 3109 P.

100 3126 119 3181 4
137 3125 232 3193 ἔταξεν
251 3143 304 3182 om.
324 3128 354 3194 F,
377 3129 443 3196 post
464 3126 638 3196 πεντήκοντα
656 3128 691 3195 (v.
707 3127 734 3194 ό)
753 3126 844 3195 suppl.
864 3132 888 3180 2.
903 3143 939 3180 m.
1021 3127 1035 3180 7
1055 3143 1120 3181 ουν-

100 3198 238 3254 άπτονται
255 3199 286 3253 F.
359 3198 377 3253 8
393 3199 553 3269 Ἀραχωτῶν
570 3196 621 3251 RX
640 3197 687 3264 (cf.
704 3195 770 3252 XIX
787 3202 831 3264 48,
846 3200 887 3268 3);
904 3195 1072 3268 Ἀραχωσίας
1088 3199 1119 3252 F.

100 3267 274 3395 ἑξακοσίονχ]
295 3269 329 3326 cf.
348 3269 412 3324 XIX
426 3277 469 3337 14,
480 3277 504 3326 ό.
577 3269 611 3323 11
630 3267 879 3337 Παροπανισάδων
897 3267 960 3336 RX3
978 3272 1120 3337 Παραπα-

100 3340 226 3411 μισάδων
268 3358 363 3408 ,οοεεΙ
383 3347 407 3396 2.
422 3359 459 3398 m.
505 3340 533 3396 οἱ
551 3340 594 3413 δὲ]
616 3340 665 3395 καὶ
684 3341 712 3396 οἱ
729 3341 760 3396 F.
806 3340 915 3403 τούτοις
933 3339 989 3394 ίσοι
1006 3340 1040 3395 Ι).
1055 3357 1119 3394 eon-

101 3415 221 3480 stanton
239 3413 345 3468 τούτων
363 3412 422 3467 RX.
494 3413 530 3467 16
547 3409 639 3484 λαιὸν]
663 3409 756 3479 δεξιὸν
779 3411 863 3478 111111,
885 3413 1014 3466 οο11.“111
1029 3410 1140 3460 mm*

100 3499 200 3538 manus
219 3489 243 3538 2.
315 3484 359 3540 20.
374 3483 408 3540 21
433 3483 460 3540 οἱ
484 3483 698 3558 ἀργυράσπιδες
718 3490 804 3542 Mem..
818 3478 1069 3540 θδοοωῖλόῶύο.
1082 3474 1178 3555 12³5

95 3553 131 3607 21
149 3555 183 3607 ού
200 3552 312 3618 πλείους
328 3556 359 3612 F.
435 3557 473 3615 ἐῶ
492 3559 592 3637 *unm
613 3558 653 3620 of.
672 3559 717 3617 ωδ
733 3578 767 3632 ρ.
783 3563 822 3615 11
838 3556 976 3611 ww.
1163 3574 1165 3578 ·
