2460 3848
488 215 586 269 LIBRI
603 215 661 270 XX.
1005 215 1082 270 XVIl

66 308 119 356 Cap.

66 383 107 432 65.
135 378 223 433 Poeni
246 378 313 431 dum
337 377 462 446 captivos
486 377 540 430 diis
563 377 724 445 immolant,
752 381 844 431 castra
868 377 998 431 universa
1021 393 1082 431 suo-

172 458 296 513 oendunt
314 460 342 512 et
361 457 455 512 omnia
472 455 597 512 tumultu
615 456 742 526 implent.

65 544 106 593 66.
135 538 218 593 Afros
238 555 253 592 e
272 537 440 592 Graecorum
460 537 557 592 castris
580 537 742 608 transfugas
764 538 859 592 hostes
882 538 937 591 rati
959 538 1082 592 universi

171 618 201 672 in
226 619 323 688 fugam
347 635 376 674 se
399 619 480 684 dant,
506 619 605 671 mutua
632 618 718 673 caede
744 634 773 673 se
796 618 959 686 conficiunt,
990 619 1081 687 ipsam

173 698 371 769 Carthaginem
389 700 420 752 in
437 702 572 754 terrorem
592 701 763 753 convertunt.

66 785 108 832 67.
138 779 262 835 Similem
292 783 427 834 terrorem
461 778 626 849 transfugae
665 781 743 833 metu
776 779 882 848 repulsi
917 778 1081 850 Agathoclis

171 861 270 913 castris
293 860 425 914 inferunt.
468 859 567 914 Graeci
592 859 667 913 enim
692 858 851 928 perturbati
876 863 904 915 et
930 862 959 915 in
984 860 1081 931 fugam

171 940 247 1009 rapti
265 957 316 1009 pro
335 939 463 994 hostibus
483 957 546 995 suos
565 940 695 994 caedunt.

66 1025 106 1074 68.
135 1020 318 1090 Agathocles,
345 1037 408 1073 oum
431 1021 461 1074 in
480 1020 606 1074 Siciliam
626 1019 697 1073 olam
721 1019 779 1072 suis
802 1019 930 1090 refugere
954 1023 1080 1088 conatur,

169 1101 197 1154 vi
216 1102 354 1156 retinetur
372 1105 401 1156 et
418 1101 528 1154 vinetus
548 1101 692 1154 custodiae
710 1099 842 1154 traditur.

64 1185 105 1234 69.
135 1181 257 1235 Militum
284 1197 368 1250 opera
394 1181 565 1251 Agathocles
591 1180 709 1234 vinculis
736 1179 843 1234 solutus
870 1181 972 1235 evadit.
1020 1180 1079 1246 Quo

170 1262 245 1316 facto
260 1261 364 1316 milites
379 1263 439 1317 eius
452 1262 524 1316 filios
539 1262 671 1316 occidunt
685 1262 713 1314 ct
728 1277 791 1313 cum
802 1259 1080 1331 Carthaginiensibus

169 1343 248 1410 pacis
270 1342 444 1396 conditiones
463 1343 569 1397 ineunt.

62 1428 104 1477 70.
134 1423 233 1476 Restat
251 1422 406 1491 paullisper
423 1421 589 1488 historiens,
609 1421 790 1475 admirabiles
809 1438 901 1477 rerum
921 1425 1036 1476 eventus
1051 1425 1080 1476 et

75 1529 76 1532 ¹
155 1503 348 1557 'manifestam
367 1502 489 1556 numinis
507 1501 661 1555 vindictam
681 1501 866 1556 considerans.
906 1540 909 1545 -

63 1589 104 1637 71.
133 1583 303 1653 Agathocles
322 1584 352 1637 in
371 1581 495 1636 Siciliam
515 1598 639 1636 reversus
658 1583 861 1653 Egestanorum
881 1581 979 1639 urbem
999 1583 1078 1650 adiit,

168 1663 303 1732 pecunias
327 1679 486 1732 exposcens.
532 1661 640 1716 incolas
664 1663 810 1717 horrendis
835 1663 1009 1717 emolatuum
1031 1680 1079 1732 ge-

168 1743 281 1798 neribus
311 1742 431 1797 coniecit
458 1743 604 1808 totamque
633 1742 731 1797 urbem
760 1744 899 1812 perdidit,
931 1744 992 1811 ipso
1019 1744 1078 1798 eius

169 1825 281 1878 nomine
300 1823 400 1878 deleto.

62 1910 103 1958 72.
133 1904 345 1958 Atrocissimam
370 1905 472 1957 civium
495 1903 609 1958 eaedem
628 1903 793 1973 Agathoclis
817 1905 894 1958 iussu
917 1905 1004 1958 frater
1022 1905 1078 1957 An-

168 1984 269 2039 tander
288 1985 433 2053 Syracusis
452 1984 526 2039 fecit.

401 2136 442 2191 01.
460 2141 519 2202 ne,
531 2141 620 2191 3:306
636 2155 659 2190 a.
677 2135 738 2190 chr.

62 2231 104 2278 73.
133 2225 291 2296 Antigonus
324 2226 381 2280 filio
406 2225 548 2280 Demetrio
580 2243 641 2279 cnm
667 2226 755 2294 copiis
780 2225 964 2295 Antigoniam
988 2226 1077 2279 accito

168 2305 274 2359 bellum
292 2307 322 2359 in
341 2307 501 2375 Aegyptum
520 2309 620 2360 movet.
659 2305 808 2375 Copiarum
827 2322 959 2360 numerus
978 2308 1006 2360 et
1024 2307 1079 2360 iter

168 2386 271 2440 Gazam
290 2402 386 2454 usque.

62 2472 102 2520 74.
133 2465 248 2532 Classis,
277 2466 322 2519 eui
350 2465 508 2521 Demetrius
540 2469 682 2535 praeerat,
712 2467 748 2520 ad
780 2466 939 2535 Rhaphiam
971 2469 1078 2534 tempe-

169 2545 288 2600 statibus
314 2546 420 2600 iaetata
446 2549 475 2601 et
500 2547 600 2602 attrita
626 2548 664 2601 ad
687 2546 799 2601 Casium
824 2563 972 2616 progressa
997 2547 1078 2600 Anti-

168 2644 272 2697 gonum
292 2643 354 2679 eum
375 2627 463 2695 copiis
482 2627 662 2682 terrestribus
680 2628 710 2681 in
729 2628 887 2696 propinquo
906 2627 1001 2682 habet.

61 2714 102 2761 75.
132 2706 308 2761 Ptolemaeus
324 2706 417 2760 aditus
427 2707 552 2777 Aegypti
567 2707 602 2761 ab
618 2708 694 2762 omni
707 2710 788 2775 parte
801 2708 952 2775 praesidiis
966 2708 1075 2762 muniit.

61 2794 102 2842 76.
131 2788 308 2842 Ptolemaeus
327 2803 412 2841 naves
430 2786 547 2841 hostiles
565 2787 670 2856 ubique
691 2786 726 2841 ab
746 2787 867 2855 appulsu
885 2787 999 2843 litorum
1013 2806 1078 2857 pro-

166 2867 253 2922 hibet.
291 2868 449 2936 Antigonus
475 2867 580 2921 infecta
605 2884 634 2921 rc
659 2868 689 2921 in
709 2867 819 2936 Syriam
843 2868 936 2922 redire
959 2869 1076 2939 cogitur.

166 2948 210 3001 Ita
228 2947 406 3003 Ptolemaeus
424 2949 599 3017 Aegyptum,
624 2948 730 3016 duplici
753 2947 826 3001 bello
847 2947 1003 3016 defensam,
1027 2965 1076 3003 suo

167 3028 227 3081 iure
245 3029 389 3096 possidere
409 3028 464 3081 sibi
481 3027 638 3082 videbatur.

61 3113 102 3161 77.
131 3108 250 3162 Moritur
281 3109 445 3177 Dionysius,
473 3108 627 3164 Heracleae
656 3112 805 3177 tyrannus3
837 3109 991 3163 succedunt
1025 3110 1077 3164 filii

169 3188 307 3242 Oxathres
327 3192 355 3244 et
374 3188 531 3244 Clearchus.

202 3269 371 3338 Agathocles
391 3269 426 3323 ob
447 3270 632 3325 defectionem
648 3270 784 3339 Pasiphili
804 3271 834 3324 in
853 3269 1077 3337 desperationem

167 3349 305 3405 adductus
336 3367 451 3420 regnum
478 3351 624 3404 Dinocrati
655 3350 707 3405 sub
739 3351 836 3419 aequis
868 3349 1085 3404 conditionibus

166 3429 254 3484 offert.

60 3515 97 3564 78,
126 3510 292 3578 Agathoclis
313 3513 513 3585 propositum,
539 3515 647 3572 multis
671 3515 775 3571 modis
799 3507 947 3565 mirabile
972 3504 1009 3553 at.
1029 3499 1136 3551 inaux-

148 3592 264 3660 natum,
284 3592 431 3652 intentius
451 3600 678 3658 consideratur.

81 3693 207 3737 Diodorus,
223 3700 250 3742 V.
583 3728 586 3733 ·
978 3679 1008 3728 *Q
1039 3719 1046 3728 “
