2460 3848
105 174 170 239 226
473 173 758 229 Diodor.xx3⁷.38.

104 319 166 402 τήν
201 319 331 384 ύπατον
367 315 474 405 άρχήν
514 319 705 405 παρέδοσαν
741 322 881 408 Ποπλίῳ
918 323 1029 410 Δεκίῳ
1069 324 1127 390 καλ

104 428 237 514 Κοίντῳ
264 428 394 514 Φαβίῳ,
422 428 512 512 παρὰ
535 426 573 492 δὲ
595 436 665 504 τοῖς
684 426 828 504 Ἠλείοις
850 426 1014 510 ὀλυμπιὰς
1035 430 1125 515 ήχδη

103 528 207 616 ὀγδόη
235 535 319 619 πρὸς
345 542 417 610 ταῖς
439 532 558 599 έκατὸν
581 533 675 618 δέκα,
705 535 784 600 καθ’
800 535 844 618 ήν
867 533 960 600 ἐνίκα
987 535 1127 602 στάδιον

99 633 345 724 Ἀπολλωνίδης
379 639 547 725 Τεγεάτης.
592 642 675 706 κατά
704 641 742 707 δὲ
770 642 912 719 τούτους
941 644 1020 719 τοὺς
1048 644 1127 730 ηρό-

102 770 184 823 νους
212 751 419 828 Πτολεμαῖος
445 748 507 830 μέν
534 746 571 814 ἐκ
597 759 656 834 τής
682 748 829 813 Μύνδου
857 748 1003 826 πλεύσας
1033 748 1125 837 άδρῳ
1158 774 1171 815 ι

103 850 209 941 στόλῳ
242 854 298 919 διά
330 858 443 939 νήσων
472 853 510 920 έν
537 855 698 943 παράπλῳ
725 856 788 940 τήν
811 852 958 941 ’Ἀνδρον
984 857 1126 940 ήλευδέ·

104 976 189 1044 ρωσε
211 961 267 1026 καί
289 963 351 1046 τήν
374 962 530 1047 φρουράν
552 959 699 1046 ἐξήγαγε.
742 963 915 1045 κομισθείς
938 963 970 1027 δ’
987 961 1042 1029 ἐπί
1064 965 1126 1030 τὸν

99 1063 236 1151 Ἰσθμὸν
259 1073 418 1134 Σικυῶνα
440 1069 496 1134 καί
515 1065 693 1154 Κόρινθον
715 1068 902 1154 παρέλαβεν
925 1072 1015 1157 παρὰ
1033 1075 1126 1158 Κρα-

101 1173 311 1259 τησιπόλεως.
361 1177 420 1252 τὰς
452 1175 489 1241 δὲ
519 1176 626 1252 αίτίας
655 1173 699 1240 δι’
723 1174 762 1253 ἃς
791 1174 963 1263 ἐκυρίευσε
993 1175 1125 1244 πόλεων

101 1280 276 1367 ἐπιφανῶν
297 1279 586 1369 προδεδηλωκότες
608 1280 646 1347 έν
668 1291 741 1359 ταίς
762 1284 827 1368 πρὸ
850 1283 972 1368 ταύτης
994 1285 1125 1367 βίβλοις
1144 1309 1171 1349 ιο

65 1391 137 1454 κτὸ
169 1390 317 1473 διλογεῖν
344 1389 429 1475 ὑπὲρ
458 1400 527 1454 τῶν
555 1389 666 1454 αὐτῶν
693 1393 894 1476 παρήσομεν.
945 1389 1124 1474 ἐπεβάλετο

100 1497 161 1578 μέν
184 1491 248 1563 οὖν
275 1497 331 1562 καί
358 1497 416 1573 τάς
441 1496 543 1573 άλλας
561 1493 758 1580 Ἑλληνίδας
779 1494 893 1574 πόλεις
916 1501 1125 1580 Πτολεμαῖος

100 1603 316 1690 ἐλευθεροῦν,
352 1602 499 1687 μεγάλην
530 1607 729 1688 προσθήκην
764 1604 949 1688 ήγούμενος
985 1601 1125 1671 ἔσεσθαι

100 1721 170 1788 τοῖς
194 1711 292 1788 ἰδίοις
314 1710 484 1796 πράγμασι
509 1712 571 1795 τήν
594 1721 661 1776 τῶν
680 1708 850 1795 Ἑλλήνων
873 1712 1022 1777 εὔνοιαν·
1050 1710 1124 1778 έπελ

100 1818 138 1883 δὲ
168 1819 200 1883 οἱ
230 1821 499 1902 Πελοποννήσιοι
529 1815 769 1900 συνταξάμενοι
797 1821 997 1903 χορηγήσειν
1027 1830 1124 1885 σῖτον
1143 1841 1168 1883 ιι

99 1926 154 1991 καί
190 1929 339 2012 χρήματα
374 1936 442 1991 τῶν
475 1923 739 2009 ὡμολογημένων
770 1924 872 1990 οὐδὲν
909 1925 1123 2012 συνετέλουν,

100 2029 329 2118 ἀγανακτήσας
352 2031 370 2098 ὁ
394 2032 561 2115 δυνάστης
579 2032 663 2117 πρὸς
680 2030 742 2113 μὲν
760 2030 964 2116 Κάσανδρον
983 2034 1123 2118 εἰρήνην

99 2139 291 2226 ἐποιήσατο,
320 2137 399 2206 καθ’
416 2140 460 2223 ήν
482 2137 658 2224 ἑκατέρους
686 2134 753 2202 έδει
779 2138 949 2224 κυριεύειν
970 2150 1039 2206 τῶν
1062 2140 1123 2205 πό-

99 2254 184 2314 λεων
208 2243 256 2313 ὧν
279 2242 381 2333 εἶχον,
405 2247 468 2330 τήν
491 2246 529 2311 δὲ
551 2250 711 2311 Σικυῶνα
733 2245 789 2310 καί
812 2245 989 2331 Κόρινθον
1013 2242 1122 2332 ἀσφα-

99 2356 274 2439 λισάμενος
297 2359 432 2440 φρουρᾷ
455 2354 571 2438 διῆρεν
594 2353 642 2429 είς
663 2353 725 2436 τήν
748 2351 932 2435 Αἴγυπτον.
1140 2376 1168 2418 εο

63 2480 78 2528 3
162 2459 247 2545 Ἀμα
275 2460 312 2526 δὲ
338 2460 470 2537 τούτοις
496 2458 734 2545 πραττομένοις
761 2459 959 2545 Κλεοπάτρα
986 2470 1031 2546 τῷ
1058 2460 1122 2542 μέν

95 2571 274 2656 Ἀντιγόνῳ
297 2569 564 2655 προσκόπτουσα,
586 2575 626 2652 τή
651 2562 681 2631 δ’
700 2565 825 2652 αἱρέσει
847 2566 931 2652 πρὸς
953 2568 1013 2632 τὸν
1031 2571 1122 2632 Πτο-

99 2682 234 2759 λεμαίον
264 2674 490 2740 ἀποκλίνουσα
523 2683 670 2760 προήγεν
702 2671 738 2739 ἐκ
767 2672 940 2759 Σάρδεων,
972 2674 1017 2751 ὡς
1049 2674 1122 2739 δια-

97 2780 367 2866 κομισθησομένη
391 2783 475 2868 πρὸς
497 2779 635 2847 ἐκείνου.
671 2776 715 2863 ήν
738 2779 775 2845 δὲ
798 2779 926 2865 ἀδελφή
949 2780 1011 2863 μὲν
1030 2776 1122 2846 Ἀλε-

98 2890 242 2976 ξάνδρου
270 2897 330 2954 τοῦ
358 2888 493 2975 Πέρσας
521 2889 866 2971 καταπολεμήσαντος,
896 2886 1051 2972 θυγάτηρ
1082 2888 1122 2954 δέ
1140 2909 1167 2951 ει

101 2999 270 3063 Φιλίππου
300 3004 360 3062 τού
382 2996 556 3079 Ἀμύντου,
582 2995 669 3079 γυνή
697 2993 735 3059 δὲ
761 2993 963 3079 γεγενημένη
987 3002 1047 3059 τοῦ
1071 2996 1121 3073 είς

168 3192 184 3245 l
202 3190 343 3261 ὑπατικὴν
360 3191 391 3244 F.
463 3189 482 3244 4
498 3185 697 3258 Ἀπολλωνίδης
717 3185 854 3257 Τεγεάτης
872 3204 925 3243 om.
943 3186 1007 3254 ΒΧ,
1028 3205 1119 3258 ωορκ

97 3263 173 3333 apud
205 3264 270 3317 Eun.
303 3264 347 3316 est
380 3257 562 3330 Ἀνδρομένης
594 3257 751 3328 Κορίνθιος
788 3258 834 3328 (εί.
866 3257 918 3311 XX
946 3263 989 3327 91,
1013 3260 1052 3326 1);
1082 3260 1119 3316 εί.

95 3336 224 3389 Foerster
245 3351 339 3404 progr.
359 3331 460 3387 Zwick.
483 3335 551 3386 1891
575 3350 603 3401 p.
623 3336 666 3386 29.
738 3331 756 3384 5
779 3327 894 3385 Μίνδον
917 3330 947 3386 F.
1020 3330 1056 3386 10
1081 3331 1118 3388 ef.

81 3406 185 3458 XVIII
206 3411 249 3472 33,
273 3411 304 3474 2,·
330 3403 396 3459 XIX
422 3410 465 3471 62,
488 3409 502 3456 1
534 3402 654 3472 saepius.
714 3401 876 3473 ἐπεβάλλετο
900 3402 930 3455 F.
1009 3401 1046 3456 12
1066 3402 1120 3466 τὰς

52 3472 163 3608 ριῇλλμαῖ
189 3475 242 3538 τάς
266 3476 346 3604 τηκτά
370 3477 424 3551 τήν
447 3473 572 3535 Ἑλλάδα
594 3471 689 3538 πόλεις
704 3473 738 3530 δ’.
807 3472 843 3528 20
865 3473 905 3536 είς
923 3472 1068 3544 Αἴγυπτον
1087 3474 1118 3530 F.

152 3565 173 3598 ν
191 3563 250 3603 om.
291 3591 298 3605 .
