2460 3848
432 172 472 227 01.
485 178 544 239 ιιι,
556 179 584 227 1:
605 178 657 227 ere
672 188 696 228 ιι.
708 171 770 227 chr.
1066 177 1107 242 81

90 321 169 396 τοὺς
186 320 362 396 πλείστους
379 319 441 401 μὲν
459 317 569 383 ἀνεῖλε
582 328 650 382 τῶν
664 316 941 402 ἀντιταχθέντων,
955 318 1058 384 αὐτὸν
1072 319 1111 384 δὲ

90 427 150 490 τὸν
172 426 350 508 Κρατεύαν
376 427 457 508 μετά
484 425 655 509 δισχιλίων
679 426 831 508 φυγόντα
853 434 911 509 τῆς
933 425 1111 502 Βισαλτίας

91 534 138 609 εἰς
156 531 325 597 Βεδύνδια
346 532 706 617 περιστρατοπεδεύσας
729 529 979 616 ἐξεπολιόρκησε
996 533 1052 596 καί
1070 534 1110 597 τά

90 640 176 704 ὅπλα
205 640 428 721 παρελόμενος
456 637 674 704 ὑπόσπονδον
704 637 819 723 ἀφῆκε.
869 639 925 704 διά
948 638 986 703 δὲ
1007 647 1145 704 ταῦταὸ

58 745 306 830 ιέπαιρόμενος
334 745 390 810 καί
419 746 479 810 τὸν
505 745 680 827 Εὐμενοῦς
708 745 860 810 θάνατον
889 745 1032 830 ἀγνοῶν,
1062 743 1110 810 ἔτι

90 853 128 918 δὲ
155 856 233 929 τοὺς
262 851 339 937 περί
364 849 583 936 Ἁλέξανδρον
604 851 661 917 καί
683 851 946 937 Πολυπέρχοντα
967 853 1110 935 νομίζων

91 963 378 1043 συνεπιλήψεσθαι
407 959 468 1042 την
494 955 693 1042 Ἀμφίπολιν
718 958 781 1023 ούκ
803 955 867 1043 ἔφη
890 959 1110 1042 παραδώσειν.

90 1065 161 1132 ἐπεί
191 1064 229 1130 δὲ
258 1063 381 1150 ἔγραψε
408 1066 491 1149 πρὸς
515 1064 619 1129 αὐτὸν
642 1063 819 1146 Ὀλυμπιάς
842 1064 1026 1131 ἀπαιτοῦσα
1048 1068 1110 1151 τὴν

90 1176 204 1237 πίστιν
225 1172 280 1237 καί
299 1172 480 1237 κελεύουσα
498 1171 722 1256 παραδοῦναι,
741 1172 910 1254 διαλαβὼν
928 1173 1110 1256 ἀναγκαῖον

46 1301 72 1341 10
90 1274 176 1345 εἶναι
203 1280 240 1344 τὸ
268 1280 562 1360 προστασσόμενον
584 1288 704 1361 ποιεῖν,
726 1281 788 1362 τήν
810 1301 846 1343 τε
868 1280 967 1344 πόλιν
990 1277 1111 1363 ἐνεχεί-

91 1402 163 1468 ρισε
192 1385 248 1450 καί
276 1386 317 1450 τά
344 1386 443 1450 πιστὰ
469 1385 626 1470 περὶτῆς
649 1384 831 1469 ἀσφαλείας
853 1382 980 1467 ἔλαβεν.
1026 1386 1044 1451 ὁ
1073 1386 1110 1452 δὲ
1120 1386 1161 1452 51

36 1509 88 1560 357
95 1492 294 1574 Κάσανδρος
312 1491 401 1573 δρῶν
419 1492 496 1577 περί
513 1493 573 1557 τὸν
588 1491 802 1577 Ἀριστόνουν
820 1491 972 1577 ὑπάρχον
986 1490 1110 1576 ἀξίωμα

91 1599 147 1663 διδ
168 1601 230 1684 την
252 1595 329 1684 παρ’
352 1594 572 1683 Ἀλεξάνδρου
595 1601 796 1684 προαγωγὴν
818 1599 874 1664 καί
897 1600 1051 1665 σπεύδων
1074 1597 1111 1664 ἐκ

89 1706 204 1771 ποδῶν
233 1715 342 1771 ποιεῖν
374 1709 452 1782 τοὺς
485 1704 692 1787 δυναμένους
723 1708 928 1791 νεωτερίζειν
960 1705 1110 1771 ἐπανεῖλε

45 1836 71 1876 rs
89 1813 149 1877 τὸν
177 1812 284 1897 ἀνδρα
311 1813 367 1877 διά
388 1822 457 1876 τῶν
480 1812 635 1897 Κρατεύα
658 1822 840 1895 συγγενῶν.
885 1812 1110 1898 προετρέψατο

90 1918 128 1983 δὲ
149 1919 205 1984 καί
227 1921 306 1995 τοὺς
328 1919 472 1994 οἰκείους
493 1927 561 1983 τῶν
583 1915 801 2007 ἀνῃρημένων
818 1918 875 1982 ὑπ’
893 1918 1111 2002 Ὀλυμπιάδος

90 2023 127 2090 ἐν
158 2034 254 2110 κοινῇ
286 2035 354 2090 τῶν
385 2025 597 2090 Μακεδόνων
633 2023 789 2112 ἐκκλησία
824 2035 1022 2110 κατηγορεῖν
1052 2036 1110 2110 της

89 2131 329 2216 προειρημένης
347 2133 513 2215 γυναικός.
545 2126 594 2196 ὧν
611 2131 823 2216 ποιησάντων
841 2133 878 2197 τὸ
897 2132 1110 2217 προσταχθὲν
1129 2151 1144 2198 2

89 2239 145 2303 καί
171 2247 229 2322 τῆς
251 2239 313 2321 μὲν
334 2235 557 2321 Ὀλυμπιάδος
579 2238 656 2303 ούτε
679 2239 850 2323 παρούσης
872 2240 948 2303 οὔτε
971 2236 1110 2322 ἐχούσης

45 2369 72 2409 ιο
89 2347 168 2422 τοὺς
191 2344 502 2429 ἀπολογησομένους
523 2346 556 2410 ol
573 2344 635 2427 μὲν
653 2345 848 2423 Μακεδόνες
866 2347 1110 2429 κατεγίνωσκον

90 2452 192 2535 αὐτῆς
222 2452 383 2535 θάνατον,
416 2451 434 2517 ὁ
464 2451 502 2517 δὲ
531 2452 731 2537 Κάσανδρος
761 2452 889 2536 πέμψας
919 2454 1012 2530 τινδις
1042 2464 1110 2518 τῶν

91 2559 200 2642 φίλων
218 2559 302 2641 πρὸς
319 2560 381 2643 την
393 2540 597 2641 Ὀλυμπιάδα
614 2560 836 2642 συνεβούλευε
851 2561 962 2646 λάδρηι
977 2570 1109 2644 φυγεῖν,

162 2751 215 2808 1.2
232 2753 298 2815 τοὺς
310 2749 646 2820 πλείστους-Κρατεύαν
665 2769 718 2807 om.
733 2752 764 2819 F,
781 2753 872 2822 suppl.
888 2754 918 2807 in
932 2770 1020 2823 marg.
1037 2759 1060 2807 2.
1071 2771 1108 2807 m.

90 2823 148 2878 Η
167 2823 201 2878 de
215 2822 336 2877 Bisaltia
355 2823 389 2877 cf.
405 2839 478 2892 quae
491 2823 643 2878 Muellerus
662 2824 803 2892 congessit
817 2824 854 2877 ad
868 2824 939 2879 Ptol.
954 2824 993 2877 ΙΠ
1008 2830 1050 2889 12,
1062 2829 1109 2890 323

91 2897 122 2950 at
146 2894 294 2962 Bedyndia
318 2893 385 2947 urbs
409 2893 571 2949 Ptolemaeo
597 2897 626 2948 et
652 2893 784 2949 Straboni
809 2895 871 2964 (VII
888 2895 922 2950 fr.
942 2898 986 2962 36)
1010 2896 1110 2964 ignota

90 2967 136 3036 (dc
150 2966 288 3021 Bendidio
303 2965 376 3020 Livii
388 2963 529 3019 XXXVIII
543 2972 576 3020 41
597 2966 733 3035 cogitavit
746 2965 860 3036 Wess.);
875 2967 1016 3021 Βεδύνδια
1030 2969 1062 3034 (s.
1073 2969 1109 3035 a.)

90 3054 284 3105 περιστρατοπ.
299 3037 325 3090 a
343 3033 433 3091 Βέδυν
452 3038 622 3105 διαπεριοτρ.
636 3035 662 3089 X
681 3034 772 3106 Βέδην
791 3042 937 3106 (suprascr.
954 3053 1039 3105 supra
1054 3043 1075 3091 Β
1091 3058 1110 3091 α

90 3125 131 3176 pr.
146 3127 183 3162 m.
198 3111 239 3177 K)
258 3110 427 3176 διαπεριστρ.
447 3107 477 3162 F.
550 3107 568 3161 5
590 3106 640 3164 τὸν
663 3109 807 3178 Εὐμενοῦς
831 3108 960 3163 θάνατον
986 3109 1109 3180 ἀγνοῶν]

90 3176 139 3235 τὸν
158 3177 303 3249 Εὐμένους
320 3179 449 3234 θάνατον
468 3178 531 3246 ΒΧ,
550 3180 581 3233 in
599 3180 659 3233 cod.
678 3180 712 3233 R.
732 3186 755 3233 2.
772 3198 807 3232 m.
828 3196 965 3248 suprascr.
985 3180 1110 3250 ἀγνοῶν,

90 3249 139 3306 τὸν
153 3253 266 3320 Εὐμενῆ
280 3254 369 3315 ζῶντα
381 3250 534 3320 ἡγούμενος
547 3250 582 3316 F3
597 3251 632 3304 cf.
644 3251 740 3320 Unger
753 3250 852 3305 Philol.
863 3249 992 3304 XXXVII
1005 3269 1032 3321 p.
1044 3256 1109 3318 5343

90 3323 179 3376 Reuss
198 3321 267 3377 ibid.
281 3320 396 3376 XXXIX
413 3340 441 3392 p.
458 3326 522 3388 1033
541 3321 637 3391 Unger
654 3321 723 3376 ibid.
742 3339 769 3391 p.
786 3327 883 3390 316sq.
954 3321 990 3376 10
1008 3321 1112 3388 loregei-
1193 3368 1200 3379 .

92 3410 156 3463 ρηοε
170 3394 201 3460 F,
216 3410 285 3448 corr.
301 3399 372 3448 1.m'.
436 3391 470 3447 11
489 3391 573 3446 πιστὰ
588 3410 640 3447 om.
651 3393 683 3459 F,
697 3399 874 3463 suprascr&
891 3410 934 3444 rn.
993 3390 1041 3440 XX
1056 3386 1125 3444 ποκ’

87 3462 256 3538 Ἀλεξάνδρῳ
274 3465 296 3518 F
315 3463 360 3532 (cf.
378 3461 442 3518 XIX
456 3469 500 3534 46,
511 3467 547 3537 λ).
587 3464 720 3522 ἐκποδὼν
737 3466 776 3521 ll.
842 3463 891 3517 Ἄ
907 3459 1051 3515 tanceas
1067 3449 1161 3501 m&-

89 3535 133 3603 (τί,
151 3538 224 3604 App.
245 3536 294 3590 civ.
309 3534 352 3590 IV
365 3539 424 3608 16);
445 3536 614 3598 ἐπανείλετο
632 3540 730 3599 Dino.
806 3535 852 3592 lt
869 3532 928 3588 κοιλ
946 3522 1065 3582 usn-X·

127 3639 250 3683 Diodorus
270 3644 295 3684 V.
1007 3631 1029 3676 ἦ
