2460 3848
444 179 486 234 01.
499 185 598 246 116‚2:
619 185 670 234 315
685 195 710 233 ο.
722 178 784 234 chr.
1033 262 1040 271 ι
1081 184 1124 249 99

105 329 310 410 πεντήκοντα
342 335 429 390 νεῦν
460 330 557 390 πλεῖν
590 325 636 402 είς
668 327 932 409 Πελοπόννησον
968 326 1023 390 καῖ
1055 326 1125 391 δια-

105 437 261 516 πολεμεῖν
284 441 354 509 τοῖς
381 432 458 517 περί
479 432 716 517 Ἀριστόδημον
743 433 799 497 καῖ
819 430 1047 518 Ἁλέξανδρον,
1078 430 1126 498 ἔτι

105 539 143 604 δὲ
166 539 443 624 Πολυπέρχοντα,
470 539 677 624 Μυρμιδόνα
701 538 738 604 δέ
760 539 817 604 καί
839 541 918 616 τοὺς
940 537 1055 617 ξένους
1079 541 1126 616 είς

105 648 248 732 Καρίαν,
275 649 508 730 βοηθήσοντας
529 654 599 722 τοῖς
621 646 698 730 περί
720 647 780 712 τὸν
803 647 1007 732 Κάσανδρον
1029 653 1126 712 πολε-

73 753 281 836 εμουμένοις
311 752 379 818 ὑπὸ
409 755 619 835 Πτολεμαίου
651 761 712 817 τοῦ
745 763 946 838 στρατηγοῦ,
978 754 1056 831 τοὺς
1088 752 1126 818 δὲ

104 861 180 944 περὶ
211 862 271 925 τὸν
298 860 468 926 Σέλευκον
500 860 556 925 καί
583 858 762 925 Μενέλαον
793 859 1060 946 ὑπολειφθέντας
1088 858 1126 925 έν

104 967 232 1054 Κύπρῳ
251 969 331 1050 μετὰ
344 966 589 1053 Νικοκρέοντος
605 975 666 1032 τοῦ
685 966 846 1049 βασιλέως
862 968 917 1032 καῖ
933 977 1000 1032 τῶν
1015 968 1125 1033 άλλων

103 1084 170 1139 τῶν
203 1074 465 1159 συμμαχούντων
497 1074 711 1156 διαπολεμεῖν
730 1083 811 1151 τοῖς
848 1073 1123 1156 ἐναντιουμένοις.

103 1189 224 1246 τοῦτον
256 1181 294 1245 δέ
324 1183 384 1247 τὸν
415 1183 541 1266 τρόπον
568 1189 625 1263 τῆς
655 1180 827 1261 δυνάμεως
854 1180 1159 1265 διαμερισθείσηςσ

58 1307 86 1347 ιο
103 1287 136 1351 οἱ
167 1287 244 1373 περί
282 1287 451 1354 Σέλευκον
482 1289 654 1372 Κερυνίαν
691 1286 752 1368 μὲν
790 1287 846 1351 καί
878 1286 1038 1352 Λάπιθον
1075 1285 1124 1365 ἐξ·

104 1395 355 1479 επολιόρκησαν,
369 1396 571 1460 Στασίοικον
590 1393 628 1458 δὲ
645 1394 705 1458 τὸν
724 1391 862 1475 βασιλέα
879 1404 948 1458 τῶν
961 1392 1123 1476 Μαριέων

102 1503 390 1585 προσαγαγόμενοι
408 1502 468 1567 τὸν
483 1500 715 1583 Ἀμαθουσίων
739 1499 909 1584 δυνάστην
931 1499 1124 1583 ἠνάγκασαν

103 1607 209 1692 ὅμηρα
241 1607 375 1691 δοῦναι,
407 1609 469 1691 την
501 1607 538 1673 δέ
569 1618 636 1672 τῶν
664 1608 791 1671 Κιτίων
823 1609 922 1672 πόλιν
953 1607 993 1672 ού
1022 1606 1123 1672 δυνά-

102 1736 197 1796 μενοι
228 1714 501 1799 προσαγαγέσθαι
533 1724 681 1798 συνεχῦς
713 1712 933 1797 ἐπολιόρκουν
962 1712 1051 1803 πάση
1082 1722 1122 1799 τῇ

58 1840 84 1880 ιι
103 1820 251 1902 δυνάμει.
296 1822 379 1886 κατὰ
401 1829 522 1886 τοῦτον
545 1820 583 1886 δὲ
605 1822 665 1886 τὸν
687 1822 805 1905 καιρὸν
828 1821 911 1905 πρὸς
930 1818 1123 1904 Ἀντίγονον
1143 1839 1157 1886 7

102 1926 329 1993 κατέπλευσαν
376 1925 409 2005 ἐξ
453 1925 700 2011 Ἑλλησπόντου
745 1935 828 2003 ναῦς
879 1926 1123 2011 τεσσαράκοντα

105 2035 295 2115 Θεμίσωνος
321 2043 583 2119 ναυαρχοῦντος·
616 2032 736 2116 ὁμοίως
758 2032 797 2098 δὲ
820 2030 853 2110 ἐξ
875 2030 1122 2116 Ἑλλησπόντου

102 2141 158 2206 καί
176 2138 290 2206 Ῥόδου
313 2145 477 2226 κατήγαγε
500 2141 610 2226 σκάφη
633 2139 880 2224 Διοσκουρίδης
909 2138 1122 2222 ὀγδοήκοντα.

102 2253 320 2333 προϋπῆρχον
343 2244 373 2312 δ’
392 2248 480 2334 αύτῷ
504 2247 757 2332 κατηρτισμέναι
780 2255 863 2322 ναῦς
885 2255 953 2310 τῶν
980 2243 1018 2310 έν
1044 2248 1122 2311 Φοι-
1141 2264 1158 2312 8

57 2375 84 2415 εο
101 2357 178 2444 νίκη
199 2360 482 2438 ναυπηγηθεισῶν
506 2356 540 2420 αἱ
563 2365 690 2441 πρῶται
713 2359 1001 2419 συντελεσθεῖσαι·
1027 2347 1123 2417 αὗται

102 2461 132 2527 δ’
149 2457 236 2545 ἦσαν
258 2463 323 2526 σὺν
345 2471 417 2538 ταῖς
439 2459 476 2527 έν
500 2462 596 2549 Τύρφ
619 2463 904 2547 καταληφθείσαις
927 2458 1045 2525 ἑκατὸν
1066 2459 1122 2525 καὶ

102 2568 238 2652 εἴκοσιν,
266 2568 349 2633 ὥστε
375 2569 434 2644 τὰς
460 2567 567 2645 πάσας
594 2569 671 2653 περὶ
698 2568 801 2633 αὐτὸν
827 2568 1014 2653 ἠθροῖσθαι
1039 2575 1123 2643 ναῦς

172 2795 190 2850 5
217 2796 281 2851 for'o.
310 2792 509 2920 ἷζΑντιγόνου)
543 2796 717 2850 addendum:
751 2794 785 2849 cf.
814 2794 878 2847 XIX
906 2801 948 2863 68,
970 2801 999 2863 53
1031 2801 1073 2862 78,
1095 2800 1120 2848 2.

101 2867 119 2922 8
144 2866 293 2937 συμμάχων
343 2911 348 2921 .
421 2867 457 2922 10
482 2865 628 2936 Κυρηνίαν
654 2867 688 2934 Κ;
716 2867 872 2934 Κερύνειαν
899 2867 997 2931 Dind.;
1027 2869 1057 2920 at
1084 2866 1120 2920 cf.

99 2937 162 2992 XIX
188 2943 230 3006 79,
249 2947 274 2993 4.
321 2937 455 2994 Λάπιθον
481 2938 575 3006 codd.;
603 2937 744 3007 Λάτηθον
771 2937 868 3004 Gron‚;
894 2937 928 2991 cf.
952 2936 1016 2990 XIX
1037 2942 1119 3003 591.

100 3010 134 3065 11
154 3007 301 3082 Μαριέων]
321 3007 485 3065 ΜανέωνΙό
502 3014 626 3064 Μανιῶν
640 3009 678 3076 X;
698 3025 766 3063 corr.
785 3009 875 3063 Rhod.
896 3008 939 3080 (cf.
956 3007 1019 3060 XIX
1036 3013 1120 3075 59,1;

101 3086 144 3147 79,
163 3085 198 3152 4).
244 3078 380 3150 Μαριέων
404 3077 647 3150 προσαγαγόμενοι
671 3077 721 3136 τὸν
747 3097 800 3135 om.
821 3080 852 3135 F,
925 3079 960 3133 12
984 3079 1120 3148 Ἀμαθού-

101 3169 162 3207 σιον
187 3151 246 3208 RX,
325 3151 360 3207 13
384 3150 491 3207 Κιτίων
518 3151 585 3206 libri
617 3151 662 3221 (cf.
689 3150 891 3206 Oberhummer
915 3150 1029 3205 SBAW
1051 3154 1120 3204 1888

99 3243 127 3294 p.
143 3229 208 3292 3093
222 3227 298 3292 528);
318 3220 437 3279 Κιτιέων
455 3223 538 3277 Dind.
559 3224 604 3292 (cf.
624 3221 688 3276 XIX
706 3227 749 3290 59,
766 3225 799 3292 1).
854 3221 890 3276 16
909 3221 937 3288 ἐξ
952 3218 1120 3290 Ἑλλησπόν-

99 3315 149 3350 του
174 3296 223 3349 ιιαλ
245 3292 344 3350 Ῥόδου
367 3295 399 3348 X.
472 3293 566 3349 1019
589 3301 653 3364 νῆες
675 3293 705 3347 F.
778 3294 812 3348 17
841 3291 1005 3361 Θαμίσυνος
1023 3293 1058 3360 F3
1085 3292 1119 3346 cf.

99 3365 150 3420 XX
169 3372 212 3435 50,
227 3373 256 3432 λς
275 3366 365 3421 Wess.
385 3366 422 3420 ad
440 3367 468 3421 h.
482 3366 501 3421 1.
569 3365 605 3420 18
619 3368 688 3434 etp.
701 3369 751 3419 100
765 3383 790 3421 v.
802 3371 817 3418 6
831 3363 1042 3430 Διοσκουρίδης
1054 3363 1132 3413 k'xksz’x.

100 3455 209 3506 omn083
235 3438 269 3493 cf.
295 3436 359 3491 XIX
383 3442 426 3505 68,
445 3443 470 3492 4.
547 3436 583 3492 19
606 3444 663 3492 τῶν
689 3438 715 3491 τ’
740 3435 771 3492 {v
797 3434 918 3491 Qffi.
987 3431 1035 3481 Ἃ
1056 3443 1152 3476 νωτα-

97 3523 265 3614 ahenum
279 3544 310 3599 ε.
385 3544 423 3603 εε
440 3545 535 3605 aem
554 3547 588 3606 ε.
1014 3630 1034 3658 ἱ

991 3639 1012 3684 *1
