2460 3848
427 161 470 218 01.
482 169 542 231 116,
553 169 580 217 3:
602 169 655 217 314
669 179 693 217 a.
705 162 767 218 chr.
1043 166 1106 231 107

88 332 144 386 τος
168 307 204 374 έκ
222 314 397 387 Σικυῶνος
418 309 652 392 ἀναζευγνύων
670 310 750 392 μετὰ
773 318 830 392 τῆς
854 308 1025 391 δυνάμεως
1047 306 1104 373 ὑπ’

85 411 277 493 Ἀλεξίωνος
307 425 368 482 τοῦ
400 418 593 482 Σικυωνίου
629 417 687 481 καί
720 439 823 480 τινων
860 416 970 481 ἀλλων
1006 432 1108 499 προσ-

88 522 298 605 ποιουμένων
330 517 416 588 είναι
449 525 558 608 φίλων
589 522 754 613 ἀνηρέθη,
785 523 806 607 η
837 522 874 588 δὲ
903 524 988 606 γυνη
1017 526 1108 608 Κρα-

87 631 259 713 τησίπολις
287 628 502 715 διαδεξαμένη
530 631 570 695 τά
597 629 772 715 πράγματα
795 639 927 713 συνεῖχε
949 631 987 695 τὸ
1011 646 1108 713 στρα-

57 737 241 820 οτόπεδον,
265 737 463 822 ἀγαπωμένη
483 737 710 821 διαφερόντως
727 736 794 802 ὑπὸ
812 747 880 802 τῶν
899 748 1108 822 στρατιωτῶν

88 843 144 908 διά
171 845 230 920 τάς
257 845 460 930 εὐεργεσίας·
489 843 626 910 διετέλει
653 846 716 929 γάρ
740 848 916 927 βοηθοῦσα
938 853 1007 922 τοῖς
1031 843 1108 909 ἀτυ-

86 960 184 1036 χοῦσι
211 952 267 1016 καί
293 954 439 1028 πολλοὺς
466 963 533 1017 τῶν
562 951 697 1037 ἀπόρων
724 950 1015 1039 ὑπολαμβάνουσα.
1065 948 1142 1035 ἀγυι

87 1058 125 1122 δὲ
147 1058 224 1142 περὶ
247 1059 353 1142 αὐτὴν
370 1059 426 1123 καλ
449 1059 584 1136 σύνεσις
606 1059 813 1144 πραγματικὴ
836 1058 892 1123 καί
914 1060 1018 1141 τόλμα
1040 1061 1109 1141 μεί-

88 1168 152 1243 ζων
174 1165 194 1249 3
218 1166 300 1230 κατά
322 1175 479 1249 γυναῖκα·
501 1177 569 1232 τῶν
592 1167 656 1251 γάρ
678 1167 877 1231 Σικυωνίων
899 1187 1109 1251 καταφρονη-

42 1295 69 1335 ιο
88 1271 219 1336 σάντων
260 1273 363 1357 αὐτῆς
403 1273 459 1338 διά
501 1274 561 1357 την
601 1281 662 1337 τοῦ
701 1272 824 1357 ἀνδρὸς
860 1273 1017 1356 τελευτὴν
1052 1273 1108 1337 καί

87 1379 349 1463 συνδραμόντων
381 1381 462 1462 μετά
493 1390 561 1445 τῶν
594 1380 707 1445 ὅπλων
736 1377 790 1445 ἐπὶ
819 1381 881 1463 την
910 1376 1108 1462 ἐλευθερίαν

86 1484 338 1570 παραταξαμένη
361 1486 417 1550 καλ
439 1490 603 1571 νικήσασα
625 1488 770 1563 πολλοὺς
792 1485 853 1569 μὲν
877 1484 1001 1569 ἀνεῖλε,
1029 1491 1108 1551 συλ-

88 1595 237 1674 λαβοῦσα
256 1591 293 1656 δὲ
311 1593 388 1678 περί
406 1593 583 1676 τριάκοντα
600 1595 660 1659 τὸν
679 1593 826 1679 ἀριθμὸν
847 1592 1107 1678 ἀνεσταύρωσεν.

87 1698 337 1783 ἀσφαλισαμένη
366 1699 404 1764 δὲ
431 1701 471 1765 τά
498 1702 580 1764 κατά
607 1701 669 1784 τὴν
691 1702 791 1765 πόλιν
814 1698 1014 1765 έδυνάστευε
1041 1711 1107 1764 τῶν

42 1828 69 1868 ιο
87 1808 297 1890 Σικυωνίων,
325 1803 448 1890 έχονσα
474 1809 620 1883 πολλοὺς
650 1808 849 1892 στρατιώτας
879 1805 1030 1889 ἑτοίμους
1061 1808 1108 1883 είς

86 1913 194 1978 πάντα
221 1914 391 1978 κίνδυνον.
437 1913 492 1978 καὶ
520 1914 560 1978 τά
587 1913 648 1994 μὲν
675 1914 752 1999 περί
779 1915 1042 1997 Πελοπόννησον
1070 1912 1107 1979 ἐν

86 2020 218 2097 τούτοις
238 2016 290 2104 ἦν.

158 2126 358 2211 Κάσανδρος
391 2122 422 2190 δ’
450 2125 539 2212 δρῶν
571 2130 651 2203 τοὺς
681 2128 854 2203 Αἰτωλοὺς
886 2130 1141 2211 συναγωνιζο-3

87 2232 208 2316 μένους
244 2234 306 2317 μὲν
336 2235 529 2321 Ἀντιγόνην,
565 2236 712 2316 πόλεμον
749 2230 779 2298 δ’
811 2230 947 2318 έχοντας
983 2234 1107 2319 ὅμορον

42 2363 69 2403 ιο
87 2341 170 2425 πρὸς
186 2336 388 2427 Ἀκαρνᾶνας
408 2337 517 2426 ἔκρινε
540 2339 724 2425 συμφέρειν
743 2341 809 2423 ἀμα
832 2341 1023 2424 συμμάχους
1046 2341 1107 2423 μὲν

84 2443 287 2533 Ἀκαρνᾶνας
309 2451 531 2532 ποιησασθαι,
553 2457 755 2512 ταπεινῶσαι
774 2447 812 2512 δὲ
829 2450 908 2525 τοὺς
925 2449 1106 2525 Αἰτωλούς.

87 2555 204 2640 διόπερ
224 2554 400 2634 ἀναζεύξας
421 2553 457 2620 έκ
475 2554 690 2630 Μακεδονίας
712 2555 793 2637 μετά
816 2554 988 2638 δυνάμεως
1009 2555 1108 2640 μεγά-

88 2666 146 2745 λης
173 2658 254 2744 ύκεν
281 2664 329 2738 είς
355 2662 526 2726 Αἰτωλίαν
553 2660 609 2725 καί
638 2661 1000 2747 κατεστρατοπέδευσεν
1031 2663 1107 2746 περί

87 2768 147 2833 τὸν
178 2768 385 2851 καλούμενον
417 2767 605 2850 Καμπύλον
636 2769 796 2851 ποταμόν·
836 2770 1036 2854 συναγαγὼν
1070 2770 1142 2836 δὲε

42 2894 68 2934 ιι
87 2877 166 2951 τοὺς
181 2873 382 2960 Ἀκαρνᾶνας
405 2876 452 2951 είς
474 2876 592 2959 κοινὴν
611 2872 788 2959 ἐκκλησίαν
808 2877 863 2941 καλ
887 2877 1033 2942 διελθὼν
1057 2876 1108 2941 ὅτι

87 2983 234 3064 πόλεμον
264 2978 400 3067 ἔχουσιν
432 2982 556 3066 ὅμορον
591 2979 627 3046 έκ
663 2987 813 3047 παλαιῶν
848 2985 990 3069 χρόνων,
1027 2999 1107 3053 συν-

88 3088 267 3171 εβούλευεν
299 3087 335 3154 έκ
367 3099 435 3154 τῶν
465 3085 699 3173 <ἀν>οχύρων
730 3090 786 3154 καί
817 3099 944 3175 μικρῶν
975 3091 1107 3175 χωρίων

158 3245 194 3300 10
208 3245 277 3315 αότη
279 3246 339 3299 vF.
386 3246 421 3302 19
439 3245 489 3316 μὲν
509 3262 562 3300 om.
577 3245 608 3312 F,
628 3246 692 3300 add.
709 3253 732 3300 2.
747 3265 783 3300 m
834 3247 877 3302 20.
887 3246 1107 3315 21Ἀκαρνάνας

86 3316 141 3371 XF.
215 3316 251 3372 24
269 3318 433 3389 Καμπύλον]
439 3267 490 3371 μοι’
509 3316 712 3372 Oberhummer
729 3318 957 3387 Akamanienp
973 3325 1024 3372 136
1040 3326 1109 3382 am3

86 3387 171 3443 Niese
198 3388 216 3442 l
238 3388 308 3458 l.p
311 3395 392 3444 ‚282
414 3405 439 3445 α
457 3395 481 3444 3.
572 3387 609 3442 23
641 3386 762 3459 πόλεμον
798 3388 871 3459 όμοο
871 3409 903 3444 ου
935 3388 1155 3510 {355³}sssz

86 3459 121 3515 27
148 3407 354 3552 <ἀν>οχύρων]
383 3460 492 3531 ὀχυρῶν
518 3459 600 3530 libri3
634 3478 707 3518 eon.
730 3461 846 3518 δείελος),
874 3459 928 3528 χοῖ

86 3531 237 3599 ἀνωγύρων
252 3531 336 3587 Dind
