2460 3848
439 191 592 259 01.11⁷‚e=
613 197 665 247 ειο
680 208 704 246 ι.
716 191 779 246 Ohr.
1053 194 1119 262 205

98 335 245 415 ξυλίνοις
272 335 426 423 ἐρύμασι,
453 336 652 403 διεστύλωτο
680 337 718 403 δὲ
745 337 872 421 δοκοῖς,
899 337 1054 425 ὑπεράνω
1083 340 1121 407 δέ

43 454 169 509 κεντῶν
191 443 325 509 ὑδάτων
348 438 414 530 είχε
436 445 495 521 τάς
518 445 670 528 οἰκήσεις.
711 444 866 529 τοιαύτης
888 441 919 509 δ’
938 446 1041 531 ούσης
1062 457 1120 532 τῆς

96 551 174 636 περὶ
195 552 256 617 τὸν
278 553 383 617 τόπον
406 550 605 637 ὀχυρότητος
628 552 665 616 τὸ
688 551 750 634 μὲν
773 562 907 637 πρῶτον
928 551 946 618 ὁ
966 553 1120 640 Σάτυρος

96 660 159 742 την
187 681 223 723 τε
252 657 365 744 χῶραν
394 669 462 725 τῶν
491 660 660 741 πολεμίων
687 655 813 749 ἐδῄωσε
843 659 899 724 καί
925 661 984 738 τάς
1010 660 1120 743 κώμας

66 762 306 851 ιένεπύρισεν,
333 764 367 844 ἐξ
395 759 443 831 ὧν
466 765 655 851 αἰχμάλωτα
683 766 817 848 σώματα
844 766 900 831 καί
927 769 1017 844 λείας
1039 772 1120 852 πλη-

97 877 161 948 eos
183 873 333 958 ἤθροισε.
369 874 451 956 μετὰ
474 872 511 938 δέ
533 881 637 938 ταῦτα
660 871 853 959 ἐγχειρησας
876 873 932 938 διά
951 883 1020 939 τῶν
1038 891 1154 958 παρ-κ

98 979 187 1044 όδων
214 979 402 1064 βιάζεσθαι,
433 981 516 1045 κατά
547 979 609 1062 μὲν
641 980 678 1044 τὸ
710 981 927 1065 προτείχισμα
958 981 1014 1046 καί
1043 983 1121 1058 τοὺς

97 1086 247 1171 πύργους
277 1089 422 1164 πολλοὺς
452 1085 631 1169 ἀποβαλὼν
661 1097 729 1151 τῶν
758 1097 968 1173 στρατιωτῶν
995 1087 1120 1174 ἀπεχώ-

98 1208 193 1279 ρησε,
222 1194 304 1258 κατά
332 1193 370 1259 δέ
391 1195 433 1258 τά
456 1192 512 1277 ἕλη
536 1193 737 1276 βιασάμενος
760 1192 917 1278 ἐκράτησε
940 1204 1008 1259 τῶν
1031 1193 1120 1273 ξυλί-

52 1323 78 1364 ιο
96 1324 167 1366 νων
195 1302 379 1386 φρουρίων.
425 1309 528 1365 ταῦτα
555 1299 593 1365 δέ
621 1299 806 1386 διαρπάσας
832 1300 888 1366 καί
915 1301 1034 1383 διαβάς
1060 1302 1154 1367 τὸνι

96 1408 246 1489 ποταμὸν
272 1405 392 1491 ἤρξατο
422 1409 558 1472 κόπτειν
587 1407 649 1490 τὴν
675 1405 772 1491 ύλην,
803 1405 847 1471 δι’
868 1403 907 1491 ἧς
937 1406 1120 1491 ἀναγκαῖον

95 1511 139 1599 ην
162 1512 278 1580 ἐλθεῖν
301 1512 355 1579 ἐπὶ
382 1515 422 1578 τά
449 1515 609 1596 βασίλεια.
656 1513 784 1579 τούτων
808 1513 846 1579 δὲ
874 1512 1017 1598 ἐνεργῶς
1040 1529 1119 1579 συν-

96 1620 305 1704 τελουμένων
326 1619 527 1706 Ἀριφάρνης
550 1619 568 1685 ὁ
592 1622 749 1703 βασιλεὺς
770 1620 957 1705 ἀγωνιάσας
975 1623 1019 1706 μὴ
1038 1623 1120 1686 κατὰ

95 1727 215 1814 κράτος
234 1727 359 1794 ἁλῶναι
379 1730 490 1814 συμβῇ
514 1728 576 1811 τὴν
595 1726 788 1813 ἀκρόπολιν,
812 1728 1022 1812 διηγωνίζετο
1046 1733 1119 1794 τολ-

51 1856 77 1897 ιι
95 1837 291 1921 μηρότερον,
319 1834 364 1911 ὡς
391 1832 429 1899 ἐν
451 1835 542 1922 μόνφ
570 1845 616 1920 τῷ
639 1842 737 1900 νικᾶν
760 1834 911 1919 κειμένης
935 1845 993 1920 της
1017 1851 1120 1920 σωτη-

97 1944 177 2028 ρίας.
224 1942 363 2007 διείλετο
392 1940 430 2006 δὲ
456 1940 512 2015 καί
538 1942 618 2018 τοὺς
645 1939 780 2019 τοξότας
807 1937 857 2006 ἐπ’
881 1941 1052 2028 ἀμφότερα
1078 1944 1153 2008 τὰς

95 2046 178 2133 μέρη
205 2058 263 2131 τῆς
290 2048 456 2134 παρόδου,
484 2047 528 2112 δι’
551 2042 599 2113 ὧν
627 2049 750 2137 ῥηιδίως
777 2050 1014 2134 κατετίτρωσκε
1040 2051 1119 2127 τοὺς

95 2156 157 2239 τὴν
179 2154 266 2240 ύλην
288 2157 481 2239 κόπτοντας,
504 2156 547 2240 μη
572 2154 781 2238 δυναμένους
803 2157 884 2239 μήτε
907 2162 1119 2241 προορᾶσθαι

95 2265 136 2328 τά
163 2261 243 2347 βέλη
271 2261 344 2347 μήτ’
367 2261 556 2345 ἀμύνεσθαι
583 2264 661 2340 τούς
686 2262 871 2347 βάλλοντας
894 2263 950 2327 διά
972 2263 1034 2347 την
1057 2283 1119 2328 πυ-

50 2390 78 2431 εο
95 2371 239 2454 κνότητα
264 2380 333 2436 τῶν
361 2368 520 2454 δένδρων.
566 2370 599 2434 ολ
627 2369 665 2434 δέ
692 2370 768 2456 περί
797 2371 856 2435 τὸν
879 2369 1037 2455 Σάτυρον
1064 2367 1153 2436 ἐπίο

95 2486 184 2561 τρεῖς
202 2476 263 2559 μέν
280 2474 404 2562 ἡμέρας
426 2471 565 2558 ἔτεμνον
583 2477 645 2560 τὴν
663 2476 760 2562 ύλην,
784 2476 1041 2559 ὁδοποιούμενοι
1063 2477 1119 2542 καί

96 2584 390 2669 διακαρτεροῦντες
413 2580 591 2659 ἐπιπόνως·
620 2592 659 2668 τῇ
688 2583 726 2650 δέ
749 2583 887 2674 τετάρτη
911 2587 1119 2668 συνήγγισαν

95 2690 157 2773 μέν
186 2700 232 2778 τῷ
262 2691 376 2774 τείχει,
408 2689 587 2772 νικώμενοι
616 2689 655 2756 δέ
683 2701 729 2777 τῷ
759 2693 883 2775 πλήθει
912 2701 980 2757 τῶν
1010 2694 1118 2774 βελῶν

95 2797 151 2862 καί
183 2805 223 2882 τῇ
256 2807 323 2861 τῶν
354 2797 466 2861 τόπων
497 2798 700 2884 στενοχωρία
732 2796 886 2880 μεγάλοις
916 2796 1118 2880 ἐλαττώμασι

51 2925 78 2966 τι
95 2903 320 2990 περιέπιπτον.
365 2904 537 2980 Μενίσκος
565 2902 627 2986 μὲν
656 2904 720 2988 γάρ
751 2902 769 2968 ὁ
798 2913 866 2969 τῶν
895 2905 1153 2989 μισθοφόρωνο

167 3061 183 3115 1
208 3061 371 3116 διεστύλωτο
395 3058 422 3116 δ’
446 3060 536 3123 οίκοις
553 3059 616 3128 ΒιΧς
640 3062 666 3114 δ.
685 3057 713 3115 δ’
735 3056 766 3115 εύ
787 3058 879 3116 κίοσιν
898 3062 987 3115 adeor.
1007 3060 1038 3113 in
1056 3059 1117 3115 eod.

95 3132 128 3186 R.
145 3139 168 3187 2.
179 3151 215 3186 m.
231 3132 307 3202 quod
324 3132 408 3202 vulgo
427 3132 458 3186 in
475 3134 584 3186 textum
602 3148 733 3202 recepere
746 3149 787 3186 vv.
801 3133 862 3200 dd.;
881 3128 912 3187 εύ
932 3132 986 3186 del.
1000 3131 1117 3199 Reiske3

96 3202 124 3259 δ’
147 3201 179 3259 ν’
204 3221 283 3275 prop.
305 3203 407 3271 Bekk.;
432 3220 528 3258 verum
552 3203 683 3258 viderunt
703 3202 807 3258 Reiske
831 3206 860 3259 et
879 3203 972 3257 Madv.
991 3202 1005 3255 I
1022 3220 1049 3272 p.
1065 3208 1117 3257 513

96 3275 162 3345 (nisi
186 3277 261 3344 quod
284 3276 303 3331 f.
323 3273 431 3338 δοκέοις
453 3274 646 3342 scribendum
672 3275 707 3330 ef.
726 3273 817 3328 XVHI
835 3281 879 3340 42,
894 3278 934 3345 4);
953 3276 1045 3328 totum
1063 3274 1118 3329 hoe

96 3348 274 3402 enuntiatum
300 3347 342 3401 ita
366 3346 485 3417 praebet
509 3347 544 3400 F:
571 3348 678 3471 ύπηρχε
704 3343 912 3416 φρουρουμένη
939 3343 1060 3411 ξυλίνοις
1085 3345 1116 3400 δὲ

96 3416 227 3488 πείσμασι
250 3419 425 3473 διεστύλωτο·
448 3416 579 3486 ύπεράνω
599 3419 617 3472 δ
648 3426 704 3472 τῶν
721 3417 841 3474 ύδάτων.
915 3417 950 3472 18
971 3416 1124 3482 Ἄοιοωύο-

96 3509 156 3613 effi
164 3489 254 3613 1¹3pr.
275 3491 312 3544 μᾶ
331 3495 374 3558 22,
387 3496 412 3544 4.
451 3487 661 3562 ἀγωνισάμενος
678 3489 732 3546 καὶ
751 3486 978 3561 ἂηωνιύοωςᾞ
1036 3482 1085 3531 &Rs
1100 3481 1148 3526 ωι-

94 3580 108 3613 ε
155 3579 186 3614 το
226 3602 232 3614 .
