<?xml version="1.0" encoding="UTF-8"?>
<!DOCTYPE html PUBLIC "-//W3C//DTD XHTML 1.0 Transitional//EN"
    "http://www.w3.org/TR/xhtml1/DTD/xhtml1-transitional.dtd">
<html xmlns="http://www.w3.org/1999/xhtml" xml:lang="en" lang="en">
 <head>
  <title>
</title>
<meta http-equiv="Content-Type" content="text/html;charset=utf-8" />
  <meta name='ocr-system' content='tesseract 3.04.00' />
  <meta name='ocr-capabilities' content='ocr_page ocr_carea ocr_par ocr_line ocrx_word'/>
</head>
<body>
  <div class='ocr_page' id='page_1' title='image "./diodoribiblioth00vogegoog_0057.png"; bbox 0 0 2460 3848; ppageno 0'>
   <div class='ocr_carea' id='block_1_1' title="bbox 94 183 752 254">
    <p class='ocr_par' dir='ltr' id='par_1_1' title="bbox 94 183 752 254">
     <span class='ocr_line' id='line_1_1' title="bbox 94 183 752 254; baseline 0 -14"><span class='ocrx_word' id='word_1_1' title='bbox 94 188 137 254; x_wconf 77' lang='lat'><strong><em>32</em></strong></span> <span class='ocrx_word' id='word_1_2' title='bbox 454 185 568 240; x_wconf 87' lang='lat' dir='ltr'><strong>Diodor.</strong></span> <span class='ocrx_word' id='word_1_3' title='bbox 578 183 642 238; x_wconf 89' lang='lat' dir='ltr'><strong><em>XIX</em></strong></span> <span class='ocrx_word' id='word_1_4' title='bbox 657 191 699 240; x_wconf 74' lang='lat'><strong><em>17.</em></strong></span> <span class='ocrx_word' id='word_1_5' title='bbox 710 189 752 240; x_wconf 87' lang='lat'><strong><em>18.</em></strong></span> 
     </span>
    </p>
   </div>
   <div class='ocr_carea' id='block_1_2' title="bbox 54 328 1163 2767">
    <p class='ocr_par' dir='ltr' id='par_1_2' title="bbox 54 328 1163 2767">
     <span class='ocr_line' id='line_1_2' title="bbox 93 328 1115 416; baseline 0 -20"><span class='ocrx_word' id='word_1_6' title='bbox 93 333 262 415; x_wconf 78' lang='grc' dir='ltr'><strong><em>Αἰμίλιον,</em></strong></span> <span class='ocrx_word' id='word_1_7' title='bbox 290 330 453 413; x_wconf 79' lang='grc' dir='ltr'><strong><em>ὀλυμπιὰς</em></strong></span> <span class='ocrx_word' id='word_1_8' title='bbox 478 330 509 396; x_wconf 85' lang='lat' dir='ltr'><strong><em>d’</em></strong></span> <span class='ocrx_word' id='word_1_9' title='bbox 526 330 674 416; x_wconf 75' lang='grc' dir='ltr'><strong><em>ὑπῆρχεν</em></strong></span> <span class='ocrx_word' id='word_1_10' title='bbox 698 329 773 414; x_wconf 84' lang='grc' dir='ltr'><strong><em>έκτη</em></strong></span> <span class='ocrx_word' id='word_1_11' title='bbox 796 331 880 416; x_wconf 90' lang='grc' dir='ltr'><strong><em>πρὸς</em></strong></span> <span class='ocrx_word' id='word_1_12' title='bbox 901 340 973 408; x_wconf 79' lang='grc' dir='ltr'><strong><em>ταῖς</em></strong></span> <span class='ocrx_word' id='word_1_13' title='bbox 996 328 1115 397; x_wconf 76' lang='grc' dir='ltr'><strong><em>ἑκατὸν</em></strong></span> 
     </span>
     <span class='ocr_line' id='line_1_3' title="bbox 93 435 1114 523; baseline 0 -21"><span class='ocrx_word' id='word_1_14' title='bbox 93 437 149 502; x_wconf 80' lang='grc' dir='ltr'><strong><em>καὶ</em></strong></span> <span class='ocrx_word' id='word_1_15' title='bbox 176 437 269 521; x_wconf 74' lang='grc' dir='ltr'><strong><em>δέκα,</em></strong></span> <span class='ocrx_word' id='word_1_16' title='bbox 297 435 376 505; x_wconf 77' lang='grc' dir='ltr'><strong><em>καθ’</em></strong></span> <span class='ocrx_word' id='word_1_17' title='bbox 397 439 441 522; x_wconf 73' lang='grc' dir='ltr'><strong><em>ἣν</em></strong></span> <span class='ocrx_word' id='word_1_18' title='bbox 468 435 562 503; x_wconf 92' lang='grc' dir='ltr'><strong><em>ἐνίκα</em></strong></span> <span class='ocrx_word' id='word_1_19' title='bbox 589 436 726 502; x_wconf 75' lang='grc' dir='ltr'><strong><em>στάδιον</em></strong></span> <span class='ocrx_word' id='word_1_20' title='bbox 753 436 959 523; x_wconf 81' lang='grc' dir='ltr'><em>Δεινομένης</em></span> <span class='ocrx_word' id='word_1_21' title='bbox 983 437 1114 503; x_wconf 89' lang='grc' dir='ltr'><strong><em>Λάκων.</em></strong></span> 
     </span>
     <span class='ocr_line' id='line_1_4' title="bbox 58 540 1116 630; baseline 0 -20"><span class='ocrx_word' id='word_1_22' title='bbox 58 544 170 630; x_wconf 72' lang='grc' dir='ltr'><strong><em>ιπερὶ</em></strong></span> <span class='ocrx_word' id='word_1_23' title='bbox 197 545 235 610; x_wconf 78' lang='grc' dir='ltr'><strong><em>δὲ</em></strong></span> <span class='ocrx_word' id='word_1_24' title='bbox 261 545 401 622; x_wconf 79' lang='grc' dir='ltr'><em>τούτους</em></span> <span class='ocrx_word' id='word_1_25' title='bbox 426 547 506 623; x_wconf 84' lang='grc' dir='ltr'><strong><em>τοὺς</em></strong></span> <span class='ocrx_word' id='word_1_26' title='bbox 532 547 670 630; x_wconf 86' lang='grc' dir='ltr'><strong><em>καιροὺς</em></strong></span> <span class='ocrx_word' id='word_1_27' title='bbox 688 540 879 628; x_wconf 89' lang='grc' dir='ltr'><strong><em>Ἀντίγονος</em></strong></span> <span class='ocrx_word' id='word_1_28' title='bbox 905 545 967 627; x_wconf 75' lang='grc' dir='ltr'><strong><em>μὲν</em></strong></span> <span class='ocrx_word' id='word_1_29' title='bbox 994 543 1031 610; x_wconf 89' lang='grc' dir='ltr'><strong><em>ἐκ</em></strong></span> <span class='ocrx_word' id='word_1_30' title='bbox 1057 553 1116 629; x_wconf 78' lang='grc' dir='ltr'><strong><em>τῆς</em></strong></span> 
     </span>
     <span class='ocr_line' id='line_1_5' title="bbox 93 647 1116 736; baseline 0 -20"><span class='ocrx_word' id='word_1_31' title='bbox 93 653 352 734; x_wconf 82' lang='grc' dir='ltr'><strong><em>Μεσοποταμίας</em></strong></span> <span class='ocrx_word' id='word_1_32' title='bbox 387 649 565 730; x_wconf 76' lang='grc' dir='ltr'><strong><em>ἀναζεύξας</em></strong></span> <span class='ocrx_word' id='word_1_33' title='bbox 599 647 680 735; x_wconf 77' lang='grc' dir='ltr'><strong><em>ἧκεν</em></strong></span> <span class='ocrx_word' id='word_1_34' title='bbox 716 652 763 729; x_wconf 89' lang='grc' dir='ltr'><strong><em>είς</em></strong></span> <span class='ocrx_word' id='word_1_35' title='bbox 799 653 861 736; x_wconf 79' lang='grc' dir='ltr'><strong><em>τὴν</em></strong></span> <span class='ocrx_word' id='word_1_36' title='bbox 893 653 1116 735; x_wconf 76' lang='grc' dir='ltr'><strong><em>Βαβυλωνίαν</em></strong></span> 
     </span>
     <span class='ocr_line' id='line_1_6' title="bbox 93 757 1157 846; baseline -0.005 -23"><span class='ocrx_word' id='word_1_37' title='bbox 93 757 186 823; x_wconf 85' lang='grc' dir='ltr'><strong><em>κάκελ</em></strong></span> <span class='ocrx_word' id='word_1_38' title='bbox 218 757 380 825; x_wconf 75' lang='grc' dir='ltr'><strong><em>συνέθετο</em></strong></span> <span class='ocrx_word' id='word_1_39' title='bbox 412 759 653 843; x_wconf 81' lang='grc' dir='ltr'><strong><em>κοινοπραγίαν</em></strong></span> <span class='ocrx_word' id='word_1_40' title='bbox 684 758 839 846; x_wconf 88' lang='grc' dir='ltr'><strong><em>Σελεύκῳ</em></strong></span> <span class='ocrx_word' id='word_1_41' title='bbox 876 757 931 824; x_wconf 79' lang='grc' dir='ltr'><strong><em>καί</em></strong></span> <span class='ocrx_word' id='word_1_42' title='bbox 963 759 1114 823; x_wconf 73' lang='grc' dir='ltr'><strong><em>Πίθωνι·</em></strong></span> <span class='ocrx_word' id='word_1_43' title='bbox 1146 777 1157 818; x_wconf 86' lang='grc' dir='ltr'><strong><em>ι</em></strong></span> 
     </span>
     <span class='ocr_line' id='line_1_7' title="bbox 93 860 1115 950; baseline 0.001 -20"><span class='ocrx_word' id='word_1_44' title='bbox 93 867 363 950; x_wconf 78' lang='grc' dir='ltr'><strong><em>προσλαβόμενος</em></strong></span> <span class='ocrx_word' id='word_1_45' title='bbox 386 865 424 930; x_wconf 74' lang='grc' dir='ltr'><strong><em>δὲ</em></strong></span> <span class='ocrx_word' id='word_1_46' title='bbox 446 864 501 930; x_wconf 78' lang='grc' dir='ltr'><strong><em>καί</em></strong></span> <span class='ocrx_word' id='word_1_47' title='bbox 524 866 613 950; x_wconf 83' lang='grc' dir='ltr'><strong><em>παρὰ</em></strong></span> <span class='ocrx_word' id='word_1_48' title='bbox 635 865 764 930; x_wconf 89' lang='grc' dir='ltr'><strong><em>τούτων</em></strong></span> <span class='ocrx_word' id='word_1_49' title='bbox 784 865 985 950; x_wconf 83' lang='grc' dir='ltr'><strong><em>στρατιώτας</em></strong></span> <span class='ocrx_word' id='word_1_50' title='bbox 1008 860 1115 943; x_wconf 79' lang='grc' dir='ltr'><strong><em>ἔζευξε</em></strong></span> 
     </span>
     <span class='ocr_line' id='line_1_8' title="bbox 93 971 1115 1058; baseline 0 -21"><span class='ocrx_word' id='word_1_51' title='bbox 93 974 222 1050; x_wconf 90' lang='grc' dir='ltr'><strong><em>πλοίοις</em></strong></span> <span class='ocrx_word' id='word_1_52' title='bbox 244 973 304 1039; x_wconf 89' lang='grc' dir='ltr'><strong><em>τὸν</em></strong></span> <span class='ocrx_word' id='word_1_53' title='bbox 331 974 448 1058; x_wconf 78' lang='grc' dir='ltr'><strong><em>Τίγριν</em></strong></span> <span class='ocrx_word' id='word_1_54' title='bbox 471 973 620 1054; x_wconf 89' lang='grc' dir='ltr'><strong><em>ποταμὸν</em></strong></span> <span class='ocrx_word' id='word_1_55' title='bbox 642 971 699 1037; x_wconf 82' lang='grc' dir='ltr'><strong><em>καί</em></strong></span> <span class='ocrx_word' id='word_1_56' title='bbox 721 972 907 1056; x_wconf 84' lang='grc' dir='ltr'><strong><em>περαιώσας</em></strong></span> <span class='ocrx_word' id='word_1_57' title='bbox 929 972 987 1049; x_wconf 82' lang='grc' dir='ltr'><strong><em>τὰς</em></strong></span> <span class='ocrx_word' id='word_1_58' title='bbox 1012 972 1115 1037; x_wconf 74' lang='grc' dir='ltr'><strong><em>δυνά-</em></strong></span> 
     </span>
     <span class='ocr_line' id='line_1_9' title="bbox 58 1077 1115 1165; baseline -0.002 -19"><span class='ocrx_word' id='word_1_59' title='bbox 58 1099 163 1163; x_wconf 85' lang='grc' dir='ltr'><strong><em>εμεις</em></strong></span> <span class='ocrx_word' id='word_1_60' title='bbox 195 1079 348 1165; x_wconf 79' lang='grc' dir='ltr'><strong><em>ὥρμησεν</em></strong></span> <span class='ocrx_word' id='word_1_61' title='bbox 379 1077 433 1144; x_wconf 77' lang='grc' dir='ltr'><strong><em>ἐπὶ</em></strong></span> <span class='ocrx_word' id='word_1_62' title='bbox 466 1080 544 1155; x_wconf 85' lang='grc' dir='ltr'><strong><em>τοὺς</em></strong></span> <span class='ocrx_word' id='word_1_63' title='bbox 574 1079 761 1160; x_wconf 89' lang='grc' dir='ltr'><strong><em>πολεμίους.</em></strong></span> <span class='ocrx_word' id='word_1_64' title='bbox 812 1080 845 1144; x_wconf 88' lang='grc' dir='ltr'><strong><em>οί</em></strong></span> <span class='ocrx_word' id='word_1_65' title='bbox 876 1079 914 1144; x_wconf 79' lang='grc' dir='ltr'><strong><em>δὲ</em></strong></span> <span class='ocrx_word' id='word_1_66' title='bbox 946 1078 1023 1165; x_wconf 78' lang='grc' dir='ltr'><strong><em>περὶ</em></strong></span> <span class='ocrx_word' id='word_1_67' title='bbox 1054 1080 1115 1144; x_wconf 92' lang='grc' dir='ltr'><strong><em>τὸν</em></strong></span> 
     </span>
     <span class='ocr_line' id='line_1_10' title="bbox 92 1184 1114 1273; baseline -0.001 -21"><span class='ocrx_word' id='word_1_68' title='bbox 92 1187 227 1271; x_wconf 81' lang='grc' dir='ltr'><strong><em>Εὐμενῆ</em></strong></span> <span class='ocrx_word' id='word_1_69' title='bbox 255 1187 444 1268; x_wconf 76' lang='grc' dir='ltr'><strong><em>πυθόμενοι</em></strong></span> <span class='ocrx_word' id='word_1_70' title='bbox 470 1187 511 1251; x_wconf 87' lang='grc' dir='ltr'><strong><em>τά</em></strong></span> <span class='ocrx_word' id='word_1_71' title='bbox 538 1184 752 1270; x_wconf 87' lang='grc' dir='ltr'><strong><em>πεπραγμένα</em></strong></span> <span class='ocrx_word' id='word_1_72' title='bbox 777 1184 951 1273; x_wconf 75' lang='grc' dir='ltr'><strong><em>Ξενοφίλῳ</em></strong></span> <span class='ocrx_word' id='word_1_73' title='bbox 978 1185 1041 1268; x_wconf 76' lang='grc' dir='ltr'><strong><em>μὲν</em></strong></span> <span class='ocrx_word' id='word_1_74' title='bbox 1068 1196 1114 1271; x_wconf 75' lang='grc' dir='ltr'><strong><em>τῷ</em></strong></span> 
     </span>
     <span class='ocr_line' id='line_1_11' title="bbox 91 1290 1157 1378; baseline -0.007 -19"><span class='ocrx_word' id='word_1_75' title='bbox 91 1295 154 1378; x_wconf 80' lang='grc' dir='ltr'><strong><em>τὴν</em></strong></span> <span class='ocrx_word' id='word_1_76' title='bbox 172 1292 210 1359; x_wconf 93' lang='grc' dir='ltr'><strong><em>ἐν</em></strong></span> <span class='ocrx_word' id='word_1_77' title='bbox 228 1294 375 1370; x_wconf 87' lang='grc' dir='ltr'><strong><em>Σούσοις</em></strong></span> <span class='ocrx_word' id='word_1_78' title='bbox 392 1293 498 1378; x_wconf 89' lang='grc' dir='ltr'><strong><em>άκραν</em></strong></span> <span class='ocrx_word' id='word_1_79' title='bbox 517 1293 720 1377; x_wconf 87' lang='grc' dir='ltr'><strong><em>φυλάττοντι</em></strong></span> <span class='ocrx_word' id='word_1_80' title='bbox 742 1290 920 1358; x_wconf 80' lang='grc' dir='ltr'><strong><em>ἐκέλευσαν</em></strong></span> <span class='ocrx_word' id='word_1_81' title='bbox 942 1294 1023 1376; x_wconf 80' lang='grc' dir='ltr'><strong><em>μήτε</em></strong></span> <span class='ocrx_word' id='word_1_82' title='bbox 1046 1303 1114 1358; x_wconf 82' lang='grc' dir='ltr'><strong><em>τῶν</em></strong></span> <span class='ocrx_word' id='word_1_83' title='bbox 1133 1314 1157 1353; x_wconf 80' lang='grc' dir='ltr'><strong><em>ιο</em></strong></span> 
     </span>
     <span class='ocr_line' id='line_1_12' title="bbox 91 1395 1114 1486; baseline 0 -22"><span class='ocrx_word' id='word_1_84' title='bbox 91 1400 267 1486; x_wconf 86' lang='grc' dir='ltr'><strong><em>χρημάτων</em></strong></span> <span class='ocrx_word' id='word_1_85' title='bbox 290 1396 469 1486; x_wconf 76' lang='grc' dir='ltr'><strong><em>Ἀντιγόνῳ</em></strong></span> <span class='ocrx_word' id='word_1_86' title='bbox 498 1399 620 1464; x_wconf 74' lang='grc' dir='ltr'><strong><em>δοῦναί</em></strong></span> <span class='ocrx_word' id='word_1_87' title='bbox 645 1422 677 1463; x_wconf 90' lang='grc' dir='ltr'><strong><em>τι</em></strong></span> <span class='ocrx_word' id='word_1_88' title='bbox 703 1398 776 1483; x_wconf 74' lang='grc' dir='ltr'><strong><em>μήτ’</em></strong></span> <span class='ocrx_word' id='word_1_89' title='bbox 798 1400 846 1476; x_wconf 91' lang='grc' dir='ltr'><strong><em>είς</em></strong></span> <span class='ocrx_word' id='word_1_90' title='bbox 873 1401 994 1482; x_wconf 91' lang='grc' dir='ltr'><strong><em>λόγους</em></strong></span> <span class='ocrx_word' id='word_1_91' title='bbox 1024 1395 1114 1484; x_wconf 80' lang='grc' dir='ltr'><strong><em>ἔρχε-</em></strong></span> 
     </span>
     <span class='ocr_line' id='line_1_13' title="bbox 92 1503 1115 1591; baseline -0.001 -19"><span class='ocrx_word' id='word_1_92' title='bbox 92 1514 189 1591; x_wconf 76' lang='grc' dir='ltr'><strong><em>σθαι,</em></strong></span> <span class='ocrx_word' id='word_1_93' title='bbox 226 1506 320 1571; x_wconf 76' lang='grc' dir='ltr'><strong><em>αὐτοὶ</em></strong></span> <span class='ocrx_word' id='word_1_94' title='bbox 354 1505 391 1570; x_wconf 76' lang='grc' dir='ltr'><strong><em>δὲ</em></strong></span> <span class='ocrx_word' id='word_1_95' title='bbox 422 1506 480 1582; x_wconf 84' lang='grc' dir='ltr'><strong><em>τάς</em></strong></span> <span class='ocrx_word' id='word_1_96' title='bbox 512 1505 668 1588; x_wconf 78' lang='grc' dir='ltr'><strong><em>δυνάμεις</em></strong></span> <span class='ocrx_word' id='word_1_97' title='bbox 700 1503 924 1589; x_wconf 82' lang='grc' dir='ltr'><strong><em>ἀναλαβόντες</em></strong></span> <span class='ocrx_word' id='word_1_98' title='bbox 956 1505 1115 1591; x_wconf 78' lang='grc' dir='ltr'><strong><em>ὥρμησαν</em></strong></span> 
     </span>
     <span class='ocr_line' id='line_1_14' title="bbox 92 1611 1114 1697; baseline -0.002 -17"><span class='ocrx_word' id='word_1_99' title='bbox 92 1613 146 1680; x_wconf 81' lang='grc' dir='ltr'><strong><em>ἐπί</em></strong></span> <span class='ocrx_word' id='word_1_100' title='bbox 168 1615 228 1680; x_wconf 89' lang='grc' dir='ltr'><strong><em>τὸν</em></strong></span> <span class='ocrx_word' id='word_1_101' title='bbox 254 1615 371 1697; x_wconf 89' lang='grc' dir='ltr'><strong><em>Τίγριν</em></strong></span> <span class='ocrx_word' id='word_1_102' title='bbox 394 1615 553 1696; x_wconf 90' lang='grc' dir='ltr'><strong><em>ποταμόν,</em></strong></span> <span class='ocrx_word' id='word_1_103' title='bbox 576 1611 740 1697; x_wconf 82' lang='grc' dir='ltr'><strong><em>ἀπέχοντα</em></strong></span> <span class='ocrx_word' id='word_1_104' title='bbox 763 1613 908 1678; x_wconf 87' lang='grc' dir='ltr'><strong><em>Σούσων</em></strong></span> <span class='ocrx_word' id='word_1_105' title='bbox 930 1611 1012 1678; x_wconf 79' lang='grc' dir='ltr'><strong><em>ὁδὸν</em></strong></span> <span class='ocrx_word' id='word_1_106' title='bbox 1037 1612 1114 1696; x_wconf 76' lang='grc' dir='ltr'><strong><em>ἡμέ-</em></strong></span> 
     </span>
     <span class='ocr_line' id='line_1_15' title="bbox 93 1712 1114 1811; baseline 0 -26"><span class='ocrx_word' id='word_1_107' title='bbox 93 1745 167 1806; x_wconf 90' lang='grc' dir='ltr'><strong><em>ρας,</em></strong></span> <span class='ocrx_word' id='word_1_108' title='bbox 188 1712 211 1811; x_wconf 65' lang='grc' dir='ltr'><strong><em>ᾗ</em></strong></span> <span class='ocrx_word' id='word_1_109' title='bbox 233 1729 292 1803; x_wconf 77' lang='grc' dir='ltr'><strong><em>τῆς</em></strong></span> <span class='ocrx_word' id='word_1_110' title='bbox 314 1720 444 1804; x_wconf 75' lang='grc' dir='ltr'><strong><em>ὀρεινῆς</em></strong></span> <span class='ocrx_word' id='word_1_111' title='bbox 467 1717 556 1804; x_wconf 80' lang='grc' dir='ltr'><strong><em>ἐκρεῖ</em></strong></span> <span class='ocrx_word' id='word_1_112' title='bbox 578 1729 636 1804; x_wconf 76' lang='grc' dir='ltr'><strong><em>τῆς</em></strong></span> <span class='ocrx_word' id='word_1_113' title='bbox 653 1719 719 1785; x_wconf 86' lang='grc' dir='ltr'><strong><em>ὑπὸ</em></strong></span> <span class='ocrx_word' id='word_1_114' title='bbox 738 1731 806 1784; x_wconf 80' lang='grc' dir='ltr'><strong><em>τῶν</em></strong></span> <span class='ocrx_word' id='word_1_115' title='bbox 825 1719 1020 1802; x_wconf 82' lang='grc' dir='ltr'><strong><em>αὐτονόμων</em></strong></span> <span class='ocrx_word' id='word_1_116' title='bbox 1037 1743 1114 1785; x_wconf 85' lang='grc' dir='ltr'><strong><em>κατ-</em></strong></span> 
     </span>
     <span class='ocr_line' id='line_1_16' title="bbox 92 1823 1156 1912; baseline -0.004 -20"><span class='ocrx_word' id='word_1_117' title='bbox 92 1826 264 1912; x_wconf 87' lang='grc' dir='ltr'><strong><em>εχομένης,</em></strong></span> <span class='ocrx_word' id='word_1_118' title='bbox 296 1825 356 1903; x_wconf 78' lang='grc' dir='ltr'><strong><em>οὓς</em></strong></span> <span class='ocrx_word' id='word_1_119' title='bbox 390 1823 532 1904; x_wconf 82' lang='grc' dir='ltr'><strong><em>Οὐξίους</em></strong></span> <span class='ocrx_word' id='word_1_120' title='bbox 563 1827 866 1912; x_wconf 86' lang='grc' dir='ltr'><strong><em>προσαγορεύουσι,</em></strong></span> <span class='ocrx_word' id='word_1_121' title='bbox 898 1825 1020 1902; x_wconf 83' lang='grc' dir='ltr'><strong><em>πλάτος</em></strong></span> <span class='ocrx_word' id='word_1_122' title='bbox 1051 1825 1114 1909; x_wconf 79' lang='grc' dir='ltr'><strong><em>μὲν</em></strong></span> <span class='ocrx_word' id='word_1_123' title='bbox 1132 1846 1156 1887; x_wconf 84' lang='grc' dir='ltr'><strong><em>ιι</em></strong></span> 
     </span>
     <span class='ocr_line' id='line_1_17' title="bbox 90 1928 1114 2019; baseline -0.002 -21"><span class='ocrx_word' id='word_1_124' title='bbox 90 1934 172 1999; x_wconf 89' lang='grc' dir='ltr'><strong><em>κατά</em></strong></span> <span class='ocrx_word' id='word_1_125' title='bbox 202 1936 347 2011; x_wconf 83' lang='grc' dir='ltr'><strong><em>πολλοὺς</em></strong></span> <span class='ocrx_word' id='word_1_126' title='bbox 376 1933 465 2019; x_wconf 74' lang='grc' dir='ltr'><strong><em>[μὲν]</em></strong></span> <span class='ocrx_word' id='word_1_127' title='bbox 496 1935 619 2011; x_wconf 87' lang='grc' dir='ltr'><strong><em>τόπους</em></strong></span> <span class='ocrx_word' id='word_1_128' title='bbox 650 1945 753 2019; x_wconf 82' lang='grc' dir='ltr'><strong><em>τριῶν</em></strong></span> <span class='ocrx_word' id='word_1_129' title='bbox 786 1933 941 2016; x_wconf 77' lang='grc' dir='ltr'><strong><em>σταδίων,</em></strong></span> <span class='ocrx_word' id='word_1_130' title='bbox 973 1928 1043 1997; x_wconf 80' lang='grc' dir='ltr'><strong><em>ἐστι</em></strong></span> <span class='ocrx_word' id='word_1_131' title='bbox 1076 1932 1114 1997; x_wconf 74' lang='grc' dir='ltr'><strong><em>δὲ</em></strong></span> 
     </span>
     <span class='ocr_line' id='line_1_18' title="bbox 91 2039 1113 2127; baseline -0.003 -20"><span class='ocrx_word' id='word_1_132' title='bbox 91 2042 145 2107; x_wconf 82' lang='grc' dir='ltr'><strong><em>ὅτε</em></strong></span> <span class='ocrx_word' id='word_1_133' title='bbox 176 2042 231 2107; x_wconf 81' lang='grc' dir='ltr'><strong><em>καὶ</em></strong></span> <span class='ocrx_word' id='word_1_134' title='bbox 263 2040 443 2127; x_wconf 91' lang='grc' dir='ltr'><strong><em>τεσσάρων,</em></strong></span> <span class='ocrx_word' id='word_1_135' title='bbox 475 2040 584 2124; x_wconf 73' lang='grc' dir='ltr'><strong><em>βάθος</em></strong></span> <span class='ocrx_word' id='word_1_136' title='bbox 616 2040 653 2106; x_wconf 78' lang='grc' dir='ltr'><strong><em>δὲ</em></strong></span> <span class='ocrx_word' id='word_1_137' title='bbox 684 2041 766 2106; x_wconf 89' lang='grc' dir='ltr'><strong><em>κατά</em></strong></span> <span class='ocrx_word' id='word_1_138' title='bbox 798 2040 901 2123; x_wconf 81' lang='grc' dir='ltr'><strong><em>μέσον</em></strong></span> <span class='ocrx_word' id='word_1_139' title='bbox 937 2040 974 2105; x_wconf 89' lang='grc' dir='ltr'><strong><em>τὸ</em></strong></span> <span class='ocrx_word' id='word_1_140' title='bbox 1008 2039 1113 2126; x_wconf 78' lang='grc' dir='ltr'><strong><em>ῥεῦμα</em></strong></span> 
     </span>
     <span class='ocr_line' id='line_1_19' title="bbox 90 2146 1112 2234; baseline -0.003 -20"><span class='ocrx_word' id='word_1_141' title='bbox 90 2149 173 2234; x_wconf 90' lang='grc' dir='ltr'><strong><em>πρὸς</em></strong></span> <span class='ocrx_word' id='word_1_142' title='bbox 201 2150 242 2214; x_wconf 89' lang='grc' dir='ltr'><strong><em>τά</em></strong></span> <span class='ocrx_word' id='word_1_143' title='bbox 271 2147 397 2233; x_wconf 79' lang='grc' dir='ltr'><strong><em>μεγέθη</em></strong></span> <span class='ocrx_word' id='word_1_144' title='bbox 428 2159 495 2213; x_wconf 85' lang='grc' dir='ltr'><strong><em>τῶν</em></strong></span> <span class='ocrx_word' id='word_1_145' title='bbox 525 2146 727 2232; x_wconf 79' lang='grc' dir='ltr'><strong><em>ἐλεφάντων,</em></strong></span> <span class='ocrx_word' id='word_1_146' title='bbox 756 2147 811 2212; x_wconf 81' lang='grc' dir='ltr'><strong><em>καί</em></strong></span> <span class='ocrx_word' id='word_1_147' title='bbox 839 2148 1024 2232; x_wconf 88' lang='grc' dir='ltr'><strong><em>φερόμενος</em></strong></span> <span class='ocrx_word' id='word_1_148' title='bbox 1050 2146 1112 2229; x_wconf 75' lang='grc' dir='ltr'><strong><em>μὲν</em></strong></span> 
     </span>
     <span class='ocr_line' id='line_1_20' title="bbox 91 2252 1163 2340; baseline -0.003 -20"><span class='ocrx_word' id='word_1_149' title='bbox 91 2255 154 2320; x_wconf 90' lang='grc' dir='ltr'><strong><em>άπὸ</em></strong></span> <span class='ocrx_word' id='word_1_150' title='bbox 187 2261 246 2340; x_wconf 80' lang='grc' dir='ltr'><strong><em>τῆς</em></strong></span> <span class='ocrx_word' id='word_1_151' title='bbox 278 2255 409 2340; x_wconf 80' lang='grc' dir='ltr'><strong><em>ὀρεινῆς</em></strong></span> <span class='ocrx_word' id='word_1_152' title='bbox 441 2252 496 2320; x_wconf 81' lang='grc' dir='ltr'><strong><em>ἐπὶ</em></strong></span> <span class='ocrx_word' id='word_1_153' title='bbox 528 2255 685 2331; x_wconf 76' lang='grc' dir='ltr'><strong><em>σταδίους</em></strong></span> <span class='ocrx_word' id='word_1_154' title='bbox 717 2252 933 2331; x_wconf 83' lang='grc' dir='ltr'><strong><em>ἑπτακοσίους</em></strong></span> <span class='ocrx_word' id='word_1_155' title='bbox 967 2253 1015 2330; x_wconf 83' lang='grc' dir='ltr'><strong><em>είς</em></strong></span> <span class='ocrx_word' id='word_1_156' title='bbox 1045 2254 1163 2338; x_wconf 80' lang='grc' dir='ltr'><strong><em>τὴν331</em></strong></span> 
     </span>
     <span class='ocr_line' id='line_1_21' title="bbox 86 2357 1157 2453; baseline -0.005 -27"><span class='ocrx_word' id='word_1_157' title='bbox 86 2359 258 2447; x_wconf 76' lang='grc' dir='ltr'><strong><em>Ἐρυθρὰν</em></strong></span> <span class='ocrx_word' id='word_1_158' title='bbox 275 2359 479 2447; x_wconf 84' lang='grc' dir='ltr'><strong><em>ἐξερεύγεται</em></strong></span> <span class='ocrx_word' id='word_1_159' title='bbox 499 2360 685 2444; x_wconf 76' lang='grc' dir='ltr'><strong><em>θάλασσαν,</em></strong></span> <span class='ocrx_word' id='word_1_160' title='bbox 708 2357 774 2445; x_wconf 77' lang='grc' dir='ltr'><strong><em>ἔχει</em></strong></span> <span class='ocrx_word' id='word_1_161' title='bbox 792 2360 830 2425; x_wconf 77' lang='grc' dir='ltr'><strong><em>δὲ</em></strong></span> <span class='ocrx_word' id='word_1_162' title='bbox 847 2360 902 2426; x_wconf 82' lang='grc' dir='ltr'><strong><em>καί</em></strong></span> <span class='ocrx_word' id='word_1_163' title='bbox 919 2359 1120 2453; x_wconf 38' lang='grc' dir='ltr'><strong><em>θαλάσσιον.</em></strong></span> <span class='ocrx_word' id='word_1_164' title='bbox 1131 2381 1157 2421; x_wconf 84' lang='grc' dir='ltr'><strong><em>εο</em></strong></span> 
     </span>
     <span class='ocr_line' id='line_1_22' title="bbox 92 2466 1113 2552; baseline -0.001 -20"><span class='ocrx_word' id='word_1_165' title='bbox 92 2470 195 2552; x_wconf 76' lang='grc' dir='ltr'><strong><em>ἰχθὺν</em></strong></span> <span class='ocrx_word' id='word_1_166' title='bbox 227 2470 335 2533; x_wconf 87' lang='grc' dir='ltr'><strong><em>πολὺν</em></strong></span> <span class='ocrx_word' id='word_1_167' title='bbox 366 2467 422 2532; x_wconf 82' lang='grc' dir='ltr'><strong><em>καί</em></strong></span> <span class='ocrx_word' id='word_1_168' title='bbox 453 2468 559 2552; x_wconf 75' lang='grc' dir='ltr'><strong><em>θηρία</em></strong></span> <span class='ocrx_word' id='word_1_169' title='bbox 590 2478 657 2533; x_wconf 82' lang='grc' dir='ltr'><strong><em>τῶν</em></strong></span> <span class='ocrx_word' id='word_1_170' title='bbox 689 2468 866 2551; x_wconf 86' lang='grc' dir='ltr'><strong><em>πελαγίων,</em></strong></span> <span class='ocrx_word' id='word_1_171' title='bbox 903 2466 924 2532; x_wconf 80' lang='grc' dir='ltr'><strong><em>ά</em></strong></span> <span class='ocrx_word' id='word_1_172' title='bbox 957 2468 1113 2551; x_wconf 91' lang='grc' dir='ltr'><strong><em>φαίνεται</em></strong></span> 
     </span>
     <span class='ocr_line' id='line_1_23' title="bbox 54 2572 1112 2659; baseline -0.003 -18"><span class='ocrx_word' id='word_1_173' title='bbox 54 2594 71 2641; x_wconf 89' lang='grc'>4</span> <span class='ocrx_word' id='word_1_174' title='bbox 90 2575 230 2659; x_wconf 86' lang='grc' dir='ltr'><strong><em>μάλιστα</em></strong></span> <span class='ocrx_word' id='word_1_175' title='bbox 253 2574 329 2659; x_wconf 80' lang='grc' dir='ltr'><strong><em>περὶ</em></strong></span> <span class='ocrx_word' id='word_1_176' title='bbox 351 2574 453 2650; x_wconf 89' lang='grc' dir='ltr'><strong><em>κυνὸς</em></strong></span> <span class='ocrx_word' id='word_1_177' title='bbox 475 2572 645 2650; x_wconf 91' lang='grc' dir='ltr'><strong><em>άνατολάς.</em></strong></span> <span class='ocrx_word' id='word_1_178' title='bbox 682 2582 803 2640; x_wconf 77' lang='grc' dir='ltr'><strong><em>τοῦτον</em></strong></span> <span class='ocrx_word' id='word_1_179' title='bbox 823 2574 861 2639; x_wconf 74' lang='grc' dir='ltr'><strong><em>δὲ</em></strong></span> <span class='ocrx_word' id='word_1_180' title='bbox 883 2575 943 2640; x_wconf 90' lang='grc' dir='ltr'><strong><em>τὸν</em></strong></span> <span class='ocrx_word' id='word_1_181' title='bbox 961 2575 1112 2656; x_wconf 92' lang='grc' dir='ltr'><strong><em>ποταμὸν</em></strong></span> 
     </span>
     <span class='ocr_line' id='line_1_24' title="bbox 90 2679 1112 2767; baseline 0 -21"><span class='ocrx_word' id='word_1_182' title='bbox 90 2682 334 2766; x_wconf 89' lang='grc' dir='ltr'><strong><em>προβαλόμενοι</em></strong></span> <span class='ocrx_word' id='word_1_183' title='bbox 361 2681 416 2746; x_wconf 78' lang='grc' dir='ltr'><strong><em>καί</em></strong></span> <span class='ocrx_word' id='word_1_184' title='bbox 443 2689 554 2746; x_wconf 90' lang='grc' dir='ltr'><strong><em>πάσαν</em></strong></span> <span class='ocrx_word' id='word_1_185' title='bbox 580 2683 643 2766; x_wconf 80' lang='grc' dir='ltr'><strong><em>την</em></strong></span> <span class='ocrx_word' id='word_1_186' title='bbox 669 2683 923 2767; x_wconf 90' lang='grc' dir='ltr'><strong><em>παραποταμίαν</em></strong></span> <span class='ocrx_word' id='word_1_187' title='bbox 949 2679 1015 2746; x_wconf 82' lang='grc' dir='ltr'><strong><em>άπὸ</em></strong></span> <span class='ocrx_word' id='word_1_188' title='bbox 1042 2691 1112 2746; x_wconf 79' lang='grc' dir='ltr'><strong><em>τῶν</em></strong></span> 
     </span>
    </p>
   </div>
   <div class='ocr_carea' id='block_1_3' title="bbox 51 2836 1111 3625">
    <p class='ocr_par' dir='ltr' id='par_1_3' title="bbox 89 2836 1111 3480">
     <span class='ocr_line' id='line_1_25' title="bbox 162 2836 1111 2911; baseline -0.001 -18"><span class='ocrx_word' id='word_1_189' title='bbox 162 2839 178 2893; x_wconf 97' lang='grc'>1</span> <span class='ocrx_word' id='word_1_190' title='bbox 197 2838 332 2908; x_wconf 82' lang='grc' dir='ltr'><strong><em>Αἰμίλιον</em></strong></span> <span class='ocrx_word' id='word_1_191' title='bbox 351 2838 381 2891; x_wconf 82' lang='grc' dir='ltr'><strong><em>Τ.</em></strong></span> <span class='ocrx_word' id='word_1_192' title='bbox 453 2839 471 2892; x_wconf 73' lang='lat'><strong>2</strong></span> <span class='ocrx_word' id='word_1_193' title='bbox 489 2836 670 2911; x_wconf 83' lang='grc' dir='ltr'><strong><em>Δεινομένης]</em></strong></span> <span class='ocrx_word' id='word_1_194' title='bbox 694 2855 790 2893; x_wconf 81' lang='lat' dir='ltr'>verum</span> <span class='ocrx_word' id='word_1_195' title='bbox 811 2838 871 2892; x_wconf 84' lang='lat' dir='ltr'><strong>eius</strong></span> <span class='ocrx_word' id='word_1_196' title='bbox 889 2855 992 2892; x_wconf 85' lang='lat' dir='ltr'><strong>nomen</strong></span> <span class='ocrx_word' id='word_1_197' title='bbox 1009 2844 1111 2892; x_wconf 83' lang='grc' dir='ltr'><strong><em>Δεινο-</em></strong></span> 
     </span>
     <span class='ocr_line' id='line_1_26' title="bbox 91 2907 1110 2979; baseline 0.001 -15"><span class='ocrx_word' id='word_1_198' title='bbox 91 2907 197 2978; x_wconf 78' lang='grc' dir='ltr'><strong><em>σθένην</em></strong></span> <span class='ocrx_word' id='word_1_199' title='bbox 216 2925 276 2964; x_wconf 81' lang='lat' dir='ltr'>esse</span> <span class='ocrx_word' id='word_1_200' title='bbox 296 2909 340 2977; x_wconf 87' lang='lat' dir='ltr'><strong>(cf.</strong></span> <span class='ocrx_word' id='word_1_201' title='bbox 355 2909 437 2963; x_wconf 71' lang='lat' dir='ltr'><strong>Paua.</strong></span> <span class='ocrx_word' id='word_1_202' title='bbox 448 2909 487 2964; x_wconf 93' lang='lat' dir='ltr'><strong><em>VI</em></strong></span> <span class='ocrx_word' id='word_1_203' title='bbox 502 2916 544 2977; x_wconf 83' lang='lat'><strong><em>16,</em></strong></span> <span class='ocrx_word' id='word_1_204' title='bbox 555 2912 581 2978; x_wconf 87' lang='lat'><strong><em>8)</em></strong></span> <span class='ocrx_word' id='word_1_205' title='bbox 600 2910 683 2965; x_wconf 79' lang='lat' dir='ltr'><strong>inser.</strong></span> <span class='ocrx_word' id='word_1_206' title='bbox 698 2911 836 2965; x_wconf 77' lang='lat' dir='ltr'>evincitur</span> <span class='ocrx_word' id='word_1_207' title='bbox 852 2910 946 2978; x_wconf 83' lang='lat' dir='ltr'><strong>(Arch.</strong></span> <span class='ocrx_word' id='word_1_208' title='bbox 962 2908 1022 2979; x_wconf 75' lang='lat' dir='ltr'>Ztg.</span> <span class='ocrx_word' id='word_1_209' title='bbox 1039 2914 1110 2965; x_wconf 86' lang='lat'>1881</span> 
     </span>
     <span class='ocr_line' id='line_1_27' title="bbox 89 2979 1109 3052; baseline 0.001 -18"><span class='ocrx_word' id='word_1_210' title='bbox 89 2999 116 3036; x_wconf 91' lang='lat' dir='ltr'><strong><em>n.</em></strong></span> <span class='ocrx_word' id='word_1_211' title='bbox 128 2983 203 3052; x_wconf 82' lang='lat'>389);</span> <span class='ocrx_word' id='word_1_212' title='bbox 218 2981 400 3035; x_wconf 71' lang='lat' dir='ltr'>Demostenes</span> <span class='ocrx_word' id='word_1_213' title='bbox 410 2981 475 3035; x_wconf 82' lang='lat' dir='ltr'><strong>Eus.</strong></span> <span class='ocrx_word' id='word_1_214' title='bbox 487 2982 532 3051; x_wconf 84' lang='lat' dir='ltr'>(ef.</span> <span class='ocrx_word' id='word_1_215' title='bbox 543 2981 655 3036; x_wconf 76' lang='lat' dir='ltr'><strong>Fdrster</strong></span> <span class='ocrx_word' id='word_1_216' title='bbox 665 2980 774 3051; x_wconf 83' lang='lat' dir='ltr'><strong>Olymp.</strong></span> <span class='ocrx_word' id='word_1_217' title='bbox 787 2981 890 3051; x_wconf 84' lang='lat' dir='ltr'><strong>Sieger.</strong></span> <span class='ocrx_word' id='word_1_218' title='bbox 901 2997 993 3050; x_wconf 77' lang='lat' dir='ltr'><strong>progr.</strong></span> <span class='ocrx_word' id='word_1_219' title='bbox 1005 2979 1109 3036; x_wconf 81' lang='lat' dir='ltr'><strong>Zwick.</strong></span> 
     </span>
     <span class='ocr_line' id='line_1_28' title="bbox 92 3049 1111 3125; baseline 0 -19"><span class='ocrx_word' id='word_1_220' title='bbox 92 3058 159 3107; x_wconf 81' lang='lat'>1891</span> <span class='ocrx_word' id='word_1_221' title='bbox 178 3070 206 3120; x_wconf 90' lang='lat' dir='ltr'><strong><em>p.</em></strong></span> <span class='ocrx_word' id='word_1_222' title='bbox 223 3055 275 3122; x_wconf 81' lang='lat'>29).</span> <span class='ocrx_word' id='word_1_223' title='bbox 339 3052 375 3107; x_wconf 88' lang='lat'><strong><em>10</em></strong></span> <span class='ocrx_word' id='word_1_224' title='bbox 393 3049 569 3108; x_wconf 77' lang='grc' dir='ltr'><strong><em>διεκέλευσαν</em></strong></span> <span class='ocrx_word' id='word_1_225' title='bbox 587 3052 617 3106; x_wconf 76' lang='lat' dir='ltr'><strong><em>F.</em></strong></span> <span class='ocrx_word' id='word_1_226' title='bbox 684 3052 719 3107; x_wconf 79' lang='lat'><strong><em>13</em></strong></span> <span class='ocrx_word' id='word_1_227' title='bbox 739 3050 848 3125; x_wconf 85' lang='grc' dir='ltr'><strong><em>Τίγριν]</em></strong></span> <span class='ocrx_word' id='word_1_228' title='bbox 868 3053 887 3106; x_wconf 87' lang='lat' dir='ltr'><strong><em>i.</em></strong></span> <span class='ocrx_word' id='word_1_229' title='bbox 902 3069 925 3106; x_wconf 84' lang='lat' dir='ltr'><strong><em>e.</em></strong></span> <span class='ocrx_word' id='word_1_230' title='bbox 940 3049 1111 3122; x_wconf 85' lang='grc' dir='ltr'><strong><em>Πασίτιγριν</em></strong></span> 
     </span>
     <span class='ocr_line' id='line_1_29' title="bbox 91 3120 1109 3194; baseline 0.002 -17"><span class='ocrx_word' id='word_1_231' title='bbox 91 3124 136 3190; x_wconf 81' lang='lat' dir='ltr'><strong>(cf.</strong></span> <span class='ocrx_word' id='word_1_232' title='bbox 155 3123 233 3178; x_wconf 85' lang='lat' dir='ltr'>XVII</span> <span class='ocrx_word' id='word_1_233' title='bbox 252 3129 294 3190; x_wconf 79' lang='grc'><strong><em>67,</em></strong></span> <span class='ocrx_word' id='word_1_234' title='bbox 309 3130 338 3191; x_wconf 80' lang='lat'><strong><em>23</em></strong></span> <span class='ocrx_word' id='word_1_235' title='bbox 362 3123 435 3178; x_wconf 80' lang='lat' dir='ltr'><strong>Plut.</strong></span> <span class='ocrx_word' id='word_1_236' title='bbox 455 3124 534 3177; x_wconf 87' lang='lat' dir='ltr'>Eum.</span> <span class='ocrx_word' id='word_1_237' title='bbox 555 3127 607 3194; x_wconf 82' lang='lat'>14).</span> <span class='ocrx_word' id='word_1_238' title='bbox 658 3120 727 3179; x_wconf 78' lang='grc' dir='ltr'><strong><em>ὁδὸν</em></strong></span> <span class='ocrx_word' id='word_1_239' title='bbox 749 3121 853 3194; x_wconf 73' lang='grc' dir='ltr'><strong><em>ἡμέρας</em></strong></span> <span class='ocrx_word' id='word_1_240' title='bbox 876 3122 1040 3178; x_wconf 80' lang='lat' dir='ltr'><strong>mendosum</strong></span> <span class='ocrx_word' id='word_1_241' title='bbox 1063 3123 1109 3194; x_wconf 82' lang='lat' dir='ltr'>(ef.</span> 
     </span>
     <span class='ocr_line' id='line_1_30' title="bbox 90 3194 1109 3264; baseline 0.001 -16"><span class='ocrx_word' id='word_1_242' title='bbox 90 3195 184 3248; x_wconf 76' lang='lat' dir='ltr'><strong>Ritter</strong></span> <span class='ocrx_word' id='word_1_243' title='bbox 201 3195 240 3248; x_wconf 89' lang='lat' dir='ltr'><strong><em>VI</em></strong></span> <span class='ocrx_word' id='word_1_244' title='bbox 259 3201 274 3248; x_wconf 76' lang='grc' dir='ltr'><strong><em>λ</em></strong></span> <span class='ocrx_word' id='word_1_245' title='bbox 297 3213 325 3263; x_wconf 90' lang='lat' dir='ltr'><strong><em>p.</em></strong></span> <span class='ocrx_word' id='word_1_246' title='bbox 344 3201 410 3263; x_wconf 79' lang='lat'><strong><em>3223</em></strong></span> <span class='ocrx_word' id='word_1_247' title='bbox 435 3195 562 3264; x_wconf 80' lang='lat' dir='ltr'>Droysen</span> <span class='ocrx_word' id='word_1_248' title='bbox 580 3195 598 3249; x_wconf 92' lang='lat' dir='ltr'><strong><em>I.</em></strong></span> <span class='ocrx_word' id='word_1_249' title='bbox 613 3195 631 3248; x_wconf 90' lang='lat' dir='ltr'><strong><em>I.</em></strong></span> <span class='ocrx_word' id='word_1_250' title='bbox 651 3212 678 3263; x_wconf 83' lang='lat' dir='ltr'><strong><em>p.</em></strong></span> <span class='ocrx_word' id='word_1_251' title='bbox 694 3201 746 3250; x_wconf 79' lang='grc'><strong><em>266</em></strong></span> <span class='ocrx_word' id='word_1_252' title='bbox 764 3203 831 3261; x_wconf 82' lang='lat' dir='ltr'>a.1;</span> <span class='ocrx_word' id='word_1_253' title='bbox 857 3194 987 3250; x_wconf 78' lang='lat' dir='ltr'><strong>Kallenb.</strong></span> <span class='ocrx_word' id='word_1_254' title='bbox 1006 3194 1109 3249; x_wconf 87' lang='lat' dir='ltr'>Philol.</span> 
     </span>
     <span class='ocr_line' id='line_1_31' title="bbox 89 3263 1111 3337; baseline 0.001 -18"><span class='ocrx_word' id='word_1_255' title='bbox 89 3265 218 3320; x_wconf 88' lang='lat' dir='ltr'>XXXVII</span> <span class='ocrx_word' id='word_1_256' title='bbox 236 3284 263 3335; x_wconf 83' lang='lat' dir='ltr'><strong><em>p.</em></strong></span> <span class='ocrx_word' id='word_1_257' title='bbox 279 3272 330 3320; x_wconf 78' lang='lat'><strong><em>223</em></strong></span> <span class='ocrx_word' id='word_1_258' title='bbox 346 3283 371 3320; x_wconf 81' lang='grc' dir='ltr'><strong><em>ο.</em></strong></span> <span class='ocrx_word' id='word_1_259' title='bbox 382 3268 422 3336; x_wconf 83' lang='grc'><strong><em>9);</em></strong></span> <span class='ocrx_word' id='word_1_260' title='bbox 442 3266 546 3321; x_wconf 72' lang='lat' dir='ltr'><strong>rectius</strong></span> <span class='ocrx_word' id='word_1_261' title='bbox 563 3266 704 3336; x_wconf 87' lang='grc' dir='ltr'><strong><em>τεσσάρων</em></strong></span> <span class='ocrx_word' id='word_1_262' title='bbox 720 3267 829 3337; x_wconf 72' lang='grc' dir='ltr'><strong><em>ἡμερῶν</em></strong></span> <span class='ocrx_word' id='word_1_263' title='bbox 843 3263 912 3322; x_wconf 75' lang='grc' dir='ltr'><strong><em>ὁδὸν</em></strong></span> <span class='ocrx_word' id='word_1_264' title='bbox 927 3265 1025 3320; x_wconf 77' lang='lat' dir='ltr'><strong>abesse</strong></span> <span class='ocrx_word' id='word_1_265' title='bbox 1040 3265 1111 3320; x_wconf 86' lang='lat' dir='ltr'><strong>dici-</strong></span> 
     </span>
     <span class='ocr_line' id='line_1_32' title="bbox 90 3335 1111 3406; baseline -0.001 -15"><span class='ocrx_word' id='word_1_266' title='bbox 90 3341 136 3391; x_wconf 76' lang='lat' dir='ltr'><strong><em>tur</em></strong></span> <span class='ocrx_word' id='word_1_267' title='bbox 154 3336 231 3391; x_wconf 91' lang='lat' dir='ltr'>XVII</span> <span class='ocrx_word' id='word_1_268' title='bbox 250 3343 293 3403; x_wconf 77' lang='grc'><strong><em>67,</em></strong></span> <span class='ocrx_word' id='word_1_269' title='bbox 308 3343 332 3391; x_wconf 80' lang='lat'><strong><em>2.</em></strong></span> <span class='ocrx_word' id='word_1_270' title='bbox 406 3337 442 3391; x_wconf 78' lang='lat'><strong><em>14</em></strong></span> <span class='ocrx_word' id='word_1_271' title='bbox 459 3335 476 3405; x_wconf 80' lang='grc' dir='ltr'><strong><em>ἣ</em></strong></span> <span class='ocrx_word' id='word_1_272' title='bbox 495 3337 525 3393; x_wconf 82' lang='lat' dir='ltr'><strong><em>F.</em></strong></span> <span class='ocrx_word' id='word_1_273' title='bbox 567 3337 645 3405; x_wconf 78' lang='grc' dir='ltr'><strong><em>ἐκρεῖ</em></strong></span> <span class='ocrx_word' id='word_1_274' title='bbox 661 3337 761 3406; x_wconf 82' lang='lat' dir='ltr'>scripsi</span> <span class='ocrx_word' id='word_1_275' title='bbox 779 3337 943 3393; x_wconf 72' lang='lat' dir='ltr'><strong>dubitanter</strong></span> <span class='ocrx_word' id='word_1_276' title='bbox 966 3337 1012 3406; x_wconf 82' lang='lat' dir='ltr'><strong>(cf.</strong></span> <span class='ocrx_word' id='word_1_277' title='bbox 1031 3335 1111 3392; x_wconf 88' lang='lat' dir='ltr'>XVII</span> 
     </span>
     <span class='ocr_line' id='line_1_33' title="bbox 91 3406 1109 3480; baseline 0.002 -19"><span class='ocrx_word' id='word_1_278' title='bbox 91 3415 132 3474; x_wconf 80' lang='lat'><strong><em>67,</em></strong></span> <span class='ocrx_word' id='word_1_279' title='bbox 149 3411 188 3476; x_wconf 79' lang='lat'><strong><em>2);</em></strong></span> <span class='ocrx_word' id='word_1_280' title='bbox 208 3407 265 3478; x_wconf 82' lang='grc' dir='ltr'><strong><em>ἐγει</em></strong></span> <span class='ocrx_word' id='word_1_281' title='bbox 277 3408 328 3462; x_wconf 80' lang='lat' dir='ltr'><strong><em>RX</em></strong></span> <span class='ocrx_word' id='word_1_282' title='bbox 347 3408 439 3479; x_wconf 81' lang='grc' dir='ltr'><strong><em>ἐχεται</em></strong></span> <span class='ocrx_word' id='word_1_283' title='bbox 452 3409 487 3476; x_wconf 73' lang='grc' dir='ltr'><strong><em>Τς</em></strong></span> <span class='ocrx_word' id='word_1_284' title='bbox 506 3406 645 3480; x_wconf 80' lang='grc' dir='ltr'><strong><em>ἐξέρχεται</em></strong></span> <span class='ocrx_word' id='word_1_285' title='bbox 658 3408 747 3463; x_wconf 75' lang='lat' dir='ltr'>Hertl.</span> <span class='ocrx_word' id='word_1_286' title='bbox 761 3409 826 3476; x_wconf 81' lang='lat'>11,2</span> <span class='ocrx_word' id='word_1_287' title='bbox 846 3427 873 3478; x_wconf 87' lang='lat' dir='ltr'><strong><em>p.</em></strong></span> <span class='ocrx_word' id='word_1_288' title='bbox 889 3415 932 3464; x_wconf 80' lang='lat'><strong><em>12.</em></strong></span> <span class='ocrx_word' id='word_1_289' title='bbox 992 3407 1028 3462; x_wconf 78' lang='lat'><strong><em>15</em></strong></span> <span class='ocrx_word' id='word_1_290' title='bbox 1046 3408 1109 3480; x_wconf 76' lang='grc' dir='ltr'><strong><em>μὲν]</em></strong></span> 
     </span>
    </p>

    <p class='ocr_par' dir='ltr' id='par_1_4' title="bbox 51 3477 1111 3625">
     <span class='ocr_line' id='line_1_34' title="bbox 72 3477 1111 3552; baseline 0.012 -28"><span class='ocrx_word' id='word_1_291' title='bbox 72 3477 109 3525; x_wconf 63' lang='grc' dir='ltr'><strong><em>δὲ</em></strong></span> <span class='ocrx_word' id='word_1_292' title='bbox 123 3478 155 3528; x_wconf 70' lang='lat' dir='ltr'><strong><em>ff,</em></strong></span> <span class='ocrx_word' id='word_1_293' title='bbox 231 3479 273 3533; x_wconf 74' lang='lat'><strong><em>16</em></strong></span> <span class='ocrx_word' id='word_1_294' title='bbox 286 3479 355 3552; x_wconf 77' lang='grc' dir='ltr'><strong><em>[μέν</em></strong></span> <span class='ocrx_word' id='word_1_295' title='bbox 392 3481 474 3537; x_wconf 84' lang='lat' dir='ltr'><strong>codd.</strong></span> <span class='ocrx_word' id='word_1_296' title='bbox 493 3497 599 3538; x_wconf 83' lang='lat' dir='ltr'><strong>omnes.</strong></span> <span class='ocrx_word' id='word_1_297' title='bbox 671 3480 707 3536; x_wconf 73' lang='lat'><strong><em>19</em></strong></span> <span class='ocrx_word' id='word_1_298' title='bbox 729 3478 925 3551; x_wconf 68' lang='lat' dir='ltr'><strong><em>{nvanoclovcl</em></strong></span> <span class='ocrx_word' id='word_1_299' title='bbox 946 3477 1111 3546; x_wconf 78' lang='grc' dir='ltr'><strong><em>ἑξακοσίους</em></strong></span> 
     </span>
     <span class='ocr_line' id='line_1_35' title="bbox 51 3538 979 3625; baseline -0.012 -11"><span class='ocrx_word' id='word_1_300' title='bbox 51 3538 145 3595; x_wconf 62' lang='lat' dir='ltr'><strong><em>XVII</em></strong></span> <span class='ocrx_word' id='word_1_301' title='bbox 158 3552 202 3614; x_wconf 67' lang='lat'><strong><em>⁶72</em></strong></span> <span class='ocrx_word' id='word_1_302' title='bbox 219 3553 245 3602; x_wconf 77' lang='lat'><strong><em>2·</em></strong></span> <span class='ocrx_word' id='word_1_303' title='bbox 382 3553 521 3621; x_wconf 82' lang='grc' dir='ltr'><strong><em>ἐπιτολάς</em></strong></span> <span class='ocrx_word' id='word_1_304' title='bbox 539 3555 570 3613; x_wconf 82' lang='lat' dir='ltr'><strong><em>F.</em></strong></span> <span class='ocrx_word' id='word_1_305' title='bbox 648 3553 687 3611; x_wconf 70' lang='lat'><strong><em>28</em></strong></span> <span class='ocrx_word' id='word_1_306' title='bbox 704 3550 979 3625; x_wconf 61' lang='grc' dir='ltr'><strong><em>προολαβόρενοιλλ.</em></strong></span> 
     </span>
    </p>
   </div>
   <div class='ocr_carea' id='block_1_4' title="bbox 0 0 1234 3848">
    <p class='ocr_par' dir='ltr' id='par_1_5' title="bbox 0 0 1234 3848">
     <span class='ocr_line' id='line_1_36' title="bbox 0 0 1234 3848; baseline 0 0"><span class='ocrx_word' id='word_1_307' title='bbox 0 0 1234 3848; x_wconf 95' lang='lat' dir='ltr'><strong><em> </em></strong></span> 
     </span>
    </p>
   </div>
  </div>
 </body>
</html>
