2460 3848
112 173 153 240 28
471 173 585 227 Diodor.
595 169 659 225 XIX
673 176 768 226 1415⁴

76 319 227 403 ιχιλίων
253 316 309 383 καὶ
336 318 525 400 διακοσίων,
555 316 681 383 ἱππέων
708 317 746 382 δὲ
767 319 996 402 τετρακοσίων.
1042 317 1131 382 Στά-

110 425 256 510 σανδρος
291 423 323 488 δ’
353 422 371 488 ὁ
408 432 466 507 τής
494 420 606 509 Ἀρίας
640 424 696 489 καὶ
726 429 920 509 Δραγγινῆς
952 423 1130 510 σατράπης,

109 532 342 618 προσειληφὼς
364 530 420 595 καὶ
442 532 521 608 τοὺς
543 529 579 596 ἐκ
601 541 659 616 της
680 535 900 616 Βακτριανῆς,
923 525 990 616 εἶχε
1011 534 1130 610 πεζοὺς

75 640 171 724 ὃμὲν
200 640 328 724 χιλίους
356 640 610 722 πεντακοσίους,
642 639 751 715 ἱππεῖς
778 638 816 703 δὲ
842 640 978 723 χιλίους.
1028 636 1065 703 ἐκ
1092 638 1131 705 δὲ
1184 690 1188 699 .

108 757 167 830 τῆς
199 744 340 831 Ἰνδικῆς
375 746 533 828 Εὔδαμος
569 744 767 830 παρεγένετο
803 742 880 828 μεθ’
909 743 1035 810 ἱππίων
1067 745 1131 828 μὲν
1165 766 1177 807 ι

108 855 350 937 πεντακοσίων,
391 855 498 932 πεζῶν
534 852 572 917 δὲ
611 854 825 937 τριακοσίων,
862 850 1058 936 ’ἐλεφάντων
1092 852 1131 918 δὲ

110 960 227 1027 ἑκατὸν
251 960 367 1025 εἴκοσι·
395 961 437 1024 τά
464 959 502 1024 δὲ
524 960 629 1044 θηρία
651 967 755 1024 ταῦτα
777 956 943 1044 παρέλαβε
964 961 1045 1042 μετὰ
1068 959 1130 1044 τήν

105 1065 324 1153 Ἀλεξάνδρου
342 1066 499 1151 τελευτήν
517 1066 749 1150 δολοφονήσας
762 1071 887 1151 Πῶρον
904 1066 965 1131 τὸν
982 1065 1129 1148 βασιλέα.

109 1177 142 1241 ολ
170 1175 207 1240 δὲ
234 1174 355 1252 πάντες
380 1175 461 1257 μετὰ
487 1183 556 1238 τῶν
579 1183 756 1258 σατραπῶν
778 1173 1016 1257 ἠθροίσθησαν
1038 1174 1131 1251 πεζοὶ

108 1281 170 1364 μὲν
202 1283 337 1358 πλείους
367 1290 436 1345 τῶν
466 1281 597 1364 μυρίων
628 1280 880 1365 ὀκτακισχιλίων
913 1279 1130 1364 ἑπτακοσίων,
1150 1303 1177 1343 ιο

111 1390 220 1466 ἱππεῖς
243 1388 280 1454 δὲ
302 1388 557 1473 τετρακισχίλιοι
582 1384 753 1464 ἑξακόσιοι.

58 1495 98 1560 15
177 1492 270 1562 Ἐπεὶ
297 1494 334 1560 δὲ
361 1495 640 1578 παρεγενήθησαν
667 1494 714 1571 είς
742 1496 803 1580 τήν
825 1494 1021 1577 Σουσιανὴν
1046 1495 1130 1579 πρὸς

108 1606 187 1680 τοὺς
214 1603 291 1688 περὶ
319 1603 379 1667 τὸν
401 1600 552 1684 Εὐμενή,
581 1602 774 1685 συνήγαγον
796 1598 973 1684 ἐκκλησίαν
1000 1604 1130 1685 κοινήν,

109 1711 146 1776 ἐν
177 1701 200 1800 ᾗ
232 1712 360 1794 πολλήν
392 1707 516 1791 συνέβη
548 1706 708 1791 γενέσθαι
740 1709 932 1792 φιλοτιμίαν
958 1706 1044 1793 ὑπὲρ
1071 1717 1131 1793 της

107 1817 292 1901 ἡγεμονίας.
330 1814 521 1898 Πευκέστης
542 1814 688 1900 μὲνγὰρ
712 1814 767 1879 διά
789 1837 825 1879 τε
847 1815 884 1880 τὸ
908 1818 1039 1899 πλῆθος
1060 1825 1130 1880 τῶν
1151 1837 1176 1876 ιε

73 1940 88 1989 2
108 1922 425 2007 συναγωνιζομένων
442 1921 498 1987 καί
515 1923 578 2006 τήν
595 1921 672 2007 παρ’
685 1917 904 2006 Ἀλεξάνδρου
927 1914 1130 2007 προαγωγὴν
1186 1918 1189 1926 ’

108 2028 229 2096 ἑαυτὸν
258 2026 340 2117 ᾤετο
371 2030 443 2094 δεῖν
473 2025 561 2112 ἔχειν
589 2029 651 2113 τήν
680 2039 748 2093 τῶν
774 2028 910 2093 πάντων
936 2028 1129 2113 ἡγεμονίαν,

76 2130 79 2134 ’
104 2134 292 2222 Ἀντιγένης
319 2136 357 2201 δὲ
378 2147 448 2201 τῶν
470 2134 731 2221 ἀργυρασπίδων
752 2135 963 2200 Μακεδόνων
985 2150 1183 2220 στρατη-329

42 2295 44 2301 -
107 2255 178 2328 γῶν
200 2241 264 2330 ἔφη
289 2245 362 2309 δεῖν
380 2244 525 2327 δοθῆναι
547 2245 609 2327 τήν
627 2240 783 2320 ἐξουσίαν
799 2252 858 2327 τής
880 2240 1036 2326 αἱρέσεως
1057 2251 1130 2320 τοῖς

107 2347 175 2433 μετ’
195 2351 298 2416 αὐτοῦ
318 2350 524 2432 Μακεδόσιν,
548 2350 960 2432 συγκαταπεπολεμηκόσιν
978 2345 1129 2425 Ἀλεξάν-
1149 2374 1175 2414 ει

108 2457 177 2544 δρφ
199 2457 261 2541 τήν
280 2457 394 2521 Ἀσίαν
414 2455 469 2520 καλ
492 2457 648 2539 γεγονόσι
666 2455 722 2521 διὰ
739 2456 798 2532 τὰς
816 2455 933 2540 ἀρετάς
951 2454 1129 2539 ἀνικήτοις.

73 2563 261 2648 σΕὐμευής
290 2563 328 2628 δὲ
358 2563 568 2648 φοβούμενος
596 2563 640 2647 μή
671 2562 727 2628 διδ
756 2565 818 2647 τήν
849 2564 932 2648 πρὸς
963 2561 1129 2645 ἀλλήλους

178 2757 196 2812 2
214 2755 317 2826 Ἀρείας
335 2757 365 2811 F.
402 2756 601 2828 ΔραγγίνηςΧ
620 2759 666 2830 (cf.
680 2759 759 2814 XVII
777 2764 820 2827 78,
834 2762 869 2825 4).
924 2759 1009 2829 Sene
1026 2776 1080 2814 om.
1096 2760 1127 2815 F.

108 2826 175 2954 elale}
195 2824 243 2952 ἦηε
258 2829 287 2882 F.
345 2827 575 2898 δτριακοσίωκΡ
590 2831 664 2899 (fort.
674 2833 762 2886 recte:
778 2831 813 2884 cf.
823 2829 888 2884 XIX
901 2836 944 2898 27,
955 2837 984 2899 λς
999 2831 1129 2900 Βτογεου

107 2901 150 2955 He
174 2945 179 2955 .
199 2900 267 2954 1¹1
288 2918 315 2969 p.
331 2906 381 2955 261
402 2917 426 2954 ε.
441 2903 477 2969 4).
522 2900 702 2974 τριακοσίων]
725 2899 882 2972 τρισχιλίων
900 2901 964 2956 edd.
983 2902 1128 2957 mendose.

107 2972 143 3027 10
165 2973 236 3026 haec
262 2989 371 3026 summa
394 2988 451 3026 non
476 2972 597 3028 efficstur
619 2991 654 3028 ex
676 2973 795 3044 singulis
818 2974 953 3041 numeris,
973 2973 1128 3042 inquibus

108 3045 183 3098 certe
209 3044 348 3112 quaedam
374 3047 507 3113 corrupta
530 3047 596 3099 sunt
621 3045 666 3114 (cf.
686 3046 813 3115 Droysen
826 3044 873 3099 1.1.
889 3062 914 3099 ο.
930 3051 959 3111 23
978 3045 1064 3099 Niese
1077 3045 1096 3100 1.
1107 3045 1127 3100 1.

107 3132 134 3183 p.
150 3120 202 3169 260
224 3131 249 3169 ε.
269 3120 298 3181 33
329 3113 458 3169 Kallenb.
478 3115 492 3168 I
509 3133 536 3185 p.
553 3118 610 3184 20);
641 3116 715 3171 adde
743 3117 818 3185 quod
849 3117 879 3170 ni
911 3116 996 3170 fallor
1022 3116 1128 3172 lacuna

107 3186 259 3240 statuenda
284 3189 339 3252 est3
366 3187 507 3241 omsttitur
529 3187 661 3242 nimirum
684 3189 714 3243 in
737 3187 854 3242 Diodori
878 3187 1008 3258 catalogo
1031 3186 1128 3258 Ἀμφί-

107 3276 195 3327 μαχος
216 3257 231 3312 ὁ
253 3266 302 3328 της
322 3255 541 3328 Μεσοποταμίας
564 3259 707 3329 σατράπης
732 3259 781 3328 qui
807 3258 927 3314 adduxIt
951 3260 1050 3324 πεζοὺς
1074 3260 1127 3329 μὲν

108 3327 323 3402 (διακοσίους),
351 3329 445 3392 ἱππεῖς
468 3327 495 3384 δ’
517 3329 679 3395 ἑξακοσίους
706 3331 752 3400 (cf.
771 3329 835 3384 XIX
858 3336 901 3397 27,
920 3332 961 3400 4);
994 3330 1070 3400 quod
1101 3333 1127 3387 si

100 3399 222 3466 probas,
241 3401 369 3469 peditum
384 3402 456 3455 ratio
471 3404 590 3469 constat,
605 3403 731 3471 equitum
746 3417 855 3455 summa
870 3404 964 3456 autem
979 3404 1046 3471 apte
1061 3419 1128 3458 cum

88 3468 218 3534 u'ugulia
242 3473 372 3528 numen's
400 3474 544 3545 oongmst,
577 3475 661 3530 modo
689 3472 797 3528 scribas
825 3490 851 3528 v.
877 3480 893 3528 6
924 3490 986 3528 cum
1017 3474 1079 3528 cod.
1103 3475 1127 3528 F

19 3614 22 3621 Ι
73 3536 261 3597 'emoalmu
342 3544 380 3601 16
398 3547 450 3602 καί
471 3546 523 3605 διά
541 3547 575 3606 F.
650 3546 688 3603 Ὦ
706 3545 757 3602 ἵνα
776 3544 863 3616 μὴῖ.
