2460 3848
427 193 580 261 01.116‚1=
600 199 652 249 ωε
667 210 692 249 ι.
703 193 766 250 chr.
1061 198 1105 264 45

86 322 243 424 μεγάλαις
275 339 436 423 δυνάμεσι
469 341 624 420 δαύιλώς.
678 342 762 427 πρὸς
798 340 836 407 δδ
871 342 1001 418 τούτοις
1037 350 1141 419 τολςε

88 447 230 532 ἀγαθοῖς
253 446 270 513 ὁ
294 449 394 524 τόπος
417 447 517 524 αὐτὸς
544 451 718 534 συνήργει,
745 450 912 530 ποταμοὺς
940 445 1025 533 ἔχων
1051 447 1107 513 καί

88 553 256 640 χαράδρας
278 552 506 635 δυσεξόδους.’
530 554 685 619 σπεύδων
708 548 771 620 οὖν
794 540 925 641 φθάσαι
947 556 1026 630 τοὺς
1047 574 1107 620 πο-

88 662 222 744 λεμίους
244 662 282 727 τὸ
305 661 421 744 ὅμοιον
444 658 571 747 ἔπραξε.
598 671 666 727 τών
688 661 750 744 μὲν
772 662 994 748 μισθοφόρων
1014 662 1107 739 τινάς

55 770 230 854 εχρημασι
261 769 378 846 πείσας
409 765 590 850 ἐξέπεμψεν
621 768 665 846 ὡς
693 768 912 851 αὐτομόλους,
944 765 1106 846 συντάξας

88 873 198 958 λέγειν
221 874 272 940 ὅτι
295 872 475 959 διέγνωκεν
497 874 651 960 Ιώάμενης
673 876 793 952 νυκτὸς
820 872 1034 941 ἐπιτίθεσθαι
1060 886 1106 961 τῷ

86 980 218 1066 χάρακι·
254 981 353 1059 αὐτὸς
385 982 423 1048 δὲ
452 983 515 1067 τὴν
546 983 608 1065 μὲν
640 982 829 1067 ἀποσκευὴν
860 981 1107 1068 προαπέστειλε,

87 1097 157 1164 τοῖς
180 1087 217 1154 δὲ
240 1090 453 1174 στρατιώταις
477 1093 677 1176 παρήγγειλε
703 1089 765 1174 την
790 1091 948 1174 ταχίστην
975 1089 1107 1155 δειπνο-

88 1194 322 1279 ποιησαμένοις
350 1195 595 1281 ἀναζευγνύειν.
641 1191 689 1262 ών
718 1196 875 1262 ἀπάντων
902 1193 1001 1273 ὀξέως
1027 1212 1142 1262 συν-4

42 1326 69 1366 ιο
87 1300 313 1370 τελεσθέντων
339 1301 529 1387 Ἀντίγονος
559 1303 703 1382 ἀκούσας
732 1314 799 1369 τῶν
831 1303 1025 1385 αύτομόλων
1056 1303 1108 1369 ὅτι

87 1409 252 1494 μάχεσθαι
283 1411 404 1487 νυκτὸς
435 1410 654 1494 διεγνώκασιν
685 1412 719 1477 οί
752 1409 917 1495 πολέμιοι,
953 1419 1011 1495 τῆς
1046 1410 1108 1492 μὲν

88 1518 223 1601 πορείας
254 1515 428 1601 ἀπέσχετο,
458 1516 609 1583 διέτασσε
639 1517 677 1584 δὲ
706 1519 768 1602 την
797 1517 942 1600 δύναμιν
972 1517 1019 1593 είς
1048 1519 1107 1583 τὸν

87 1624 258 1690 κίνδυνον.
303 1632 364 1689 τοῦ
388 1623 426 1690 δὲ
448 1625 525 1711 περὶ
547 1633 650 1691 ταῦτα
672 1623 931 1711 θορυβουμένου
953 1624 1009 1689 καὶ
1031 1624 1142 1710 περίε

88 1738 148 1795 τοῦ
171 1729 349 1813 μέλλοντος
372 1730 582 1814 ἀγωνιῶντος
605 1728 731 1797 ἔλαθον
748 1733 782 1798 οί
799 1732 876 1817 περί
893 1732 954 1797 τὸν
971 1731 1106 1816 Εὐμενῆ

43 1861 69 1901 ιε
87 1838 312 1923 προλαβόντες
330 1837 386 1902 καὶ
403 1839 465 1922 την
484 1836 681 1924 ὁδοιπορίαν
699 1838 893 1922 ποιούμενοι
910 1839 993 1904 κατά
1010 1838 1109 1924 τάχος

88 1946 135 2022 είς
158 1945 219 2028 τὴν
244 1947 407 2028 Γαβηνήν.
455 1943 473 2010 ὁ
497 1944 528 2009 δ’
542 1942 731 2029 Ἀντίγονος
753 1944 848 2030 μέχρι
870 1944 932 2028 μέν
955 1969 1045 2023 τινος
1070 1943 1108 2010 ἐν

87 2061 157 2128 τοῖς
188 2052 303 2128 ὅπλοις
334 2059 467 2136 συνείχε
498 2053 559 2136 τὴν
591 2052 746 2135 δύναμιν,
778 2052 822 2130 ὡς
854 2051 892 2117 δὲ
922 2054 1012 2137 παρά
1040 2062 1108 2117 τῶν

88 2159 305 2224 κατασκόπων
334 2156 478 2224 ἐπύθετο
507 2160 569 2241 τὴν
599 2155 811 2244 ἀποχώρησιν
838 2169 906 2224 τών
935 2157 1107 2240 ἐναντίων,

88 2268 191 2351 γνούς
209 2264 312 2331 αὑτὸν
330 2264 676 2351 κατεστρατηγημένον
695 2265 795 2332 ούδδν
817 2261 918 2349 ἦττον
942 2265 1106 2350 ἀντείχετο

42 2394 69 2434 ω
89 2382 146 2457 τῆς
164 2372 265 2458 αὐτῆς
283 2371 513 2458 προαιρέσεως.
545 2375 767 2457 παραγγείλας
785 2367 848 2438 οὖν
866 2381 935 2449 τοῖς
951 2373 1107 2453 στρατιώ-
1126 2391 1142 2439 6
1180 2368 1182 2373 ’

88 2502 160 2557 ταις
178 2478 425 2563 ἀναζευγνύειν,
443 2490 569 2565 προῆγε
586 2481 752 2546 σύντονον
765 2481 826 2564 την
840 2481 980 2565 πορείαν
992 2480 1107 2545 ποιού-

89 2608 188 2667 μενος
210 2585 265 2650 καί
288 2586 421 2673 διωγμῷ
448 2589 688 2672 παραπλήσιον.
729 2586 929 2672 προέχοντος
951 2586 981 2652 δ’
999 2587 1107 2670 Εὐμε-

89 2701 170 2769 νοῦς
189 2692 251 2757 δύο
271 2695 421 2777 φυλακάς
440 2693 529 2778 ὁρῶν
548 2694 599 2759 ὅτι
616 2697 815 2777 καταλαβεῖν
834 2693 874 2759 ού
898 2694 1015 2782 ῥᾴδιόν
1038 2692 1107 2759 ἐστι

88 2807 128 2884 τῇ
149 2799 289 2881 δυνάμει
309 2799 396 2889 πάση
415 2802 494 2876 τοὺς
512 2809 651 2867 τοσοῦτο
670 2802 926 2886 προειληφότας,
949 2799 1110 2885 ἐπενόησέ

42 2926 69 2968 τε
89 2927 121 2970 τι
143 2914 282 2971 τοιοῦτο.
320 2907 381 2991 την
401 2905 463 2989 μὲν
486 2907 591 2991 ἀλλην
614 2907 759 2990 δύναμιν
781 2908 951 2993 παραδοὺς
969 2909 1140 2973 Πίθωνιτ

89 3010 267 3097 προσέταξε
299 3014 381 3078 κατὰ
414 3014 537 3098 σχολην
570 3013 791 3097 ἀκολουθεῖν,
820 3014 919 3092 αὐτὸς
956 3013 993 3080 δὲ
1028 3017 1107 3092 τοὺς

91 3121 199 3196 ίππείς
221 3118 398 3203 ἀναλαβὼν
421 3121 568 3205 ἤλαυνεν
591 3120 655 3187 ἀπὸ
679 3121 821 3207 ῥυτῆρος
843 3121 898 3186 καί
918 3122 1106 3206 περιλαβὼν

88 3225 143 3308 ἀμ’
158 3224 263 3313 ἡμέρᾳ
286 3228 348 3311 την
371 3226 533 3312 αάραγίαν
555 3238 623 3293 τών
645 3231 813 3312 πολεμίων
839 3230 1107 3311 καταβαίνουσαν

158 3418 176 3473 2
202 3414 286 3481 αύτδς
310 3420 341 3487 F,
368 3428 411 3482 οῖς
439 3437 522 3489 super
550 3418 581 3484 δς
607 3422 707 3490 posito.
787 3421 821 3477 17
849 3422 981 3490 ww&
999 3416 1062 3485 ε’λχε
1076 3421 1122 3467 ἳ-

87 3489 124 3545 19
142 3485 228 3545 αύτδν
246 3489 278 3545 Χ.
337 3491 373 3546 25
391 3510 418 3546 τι
437 3509 490 3548 om.
505 3491 565 3550 RX.
602 3504 736 3552 τοιούτου
751 3493 790 3549 δ.
844 3492 884 3547 ‘R
904 3483 1150 3555 παραλαθωνῖε

84 3575 219 3626 suprascr.
239 3577 257 3614 a
276 3568 299 3616 1.
315 3580 352 3619 m.
373 3584 455 3622 κατα.
