2460 3848
118 168 182 233 184
456 183 459 187 ’
500 161 675 218 Diodor.XX
689 168 713 218 8.
725 167 748 216 9.

116 314 190 376 τοία
212 333 262 388 τις
283 306 326 394 ἦν
349 307 387 374 ἐν
409 319 479 387 τοῖς
505 312 619 385 τόποις
646 308 855 392 εὐδαιμονία,
882 318 950 374 τῶν
977 307 1135 394 ἐπιφανε-

116 417 245 483 στάτων
263 417 506 503 Καρχηδονίων
525 417 746 500 διειληφότων
764 416 822 492 τάς
839 418 969 499 κτήσεις
986 416 1042 480 καί
1064 425 1135 493 τοῖς

80 525 272 601 σπλούτοις
303 526 616 610 πεφιλοκαληκότων
649 523 733 608 πρὸς
767 523 961 588 ἀπόλαυσιν.
1017 522 1134 608 διόπερ

115 634 148 697 οἱ
171 637 368 697 Σικελιῶται
390 633 428 696 τό
451 653 486 695 τε
508 640 566 714 τῆς
588 630 696 716 χώρας
718 629 839 706 κάλλος
860 629 916 694 καί
938 630 1000 713 τήν
1023 628 1134 694 εὐδαι-

113 740 235 822 μονίαν
253 740 314 822 τήν
333 737 370 804 ἐν
390 738 472 824 αὐτή
491 736 717 819 θαυμάζοντες
735 735 893 821 μετέωροι
910 745 982 812 ταῖς
1002 734 1135 802 ἐλπίσιν
1168 759 1179 800 ε

115 844 281 929 ἐγένοντο,
303 852 513 932 θεωροῦντες
536 841 611 921 ἀξια
632 854 700 909 τῶν
718 843 888 908 κινδύνων
911 839 1042 908 ἔπαθλα
1064 853 1135 921 τοῖς

79 969 95 1018 6
114 962 231 1018 νικῶσι
253 953 461 1037 προκείμενα.
507 951 525 1017 ὁ
549 946 580 1014 δ’
595 947 800 1034 Ἀγαθοκλῆς
823 950 912 1036 ὀρῶν
934 952 1013 1027 τοὺς
1036 966 1135 1035 στρα-

113 1059 231 1136 τιάτας
263 1058 557 1142 ἀναλαμβάνοντας
589 1057 710 1135 αύτούς
743 1056 779 1123 ἐκ
810 1066 868 1141 τῆς
899 1053 1047 1140 ἀθυμίας
1077 1058 1134 1123 καί

113 1166 312 1250 προθύμους
335 1167 434 1244 ὄντας
459 1168 506 1244 εἰς
528 1167 607 1243 τοὺς
629 1164 811 1241 κινδύνους
833 1160 867 1241 ἐξ
886 1161 1012 1248 ἐφόδου
1031 1179 1135 1248 προσ-

114 1271 232 1355 έβαλλε
255 1282 324 1351 τοῖς
346 1274 497 1357 τείχεσιν.
535 1269 788 1358 ἀπροσδοκήτου
812 1270 850 1335 δὲ
872 1277 930 1354 τῆς
953 1268 1135 1348 ἐπιθέσεως
1153 1293 1180 1332 ιο

112 1379 293 1464 γενομένης
322 1381 377 1445 καί
406 1390 473 1445 τῶν
503 1376 603 1444 ἔνδον
633 1379 689 1443 διά
721 1379 782 1462 τήν
814 1378 953 1461 ἀγνοιαν
984 1378 1040 1442 καί
1071 1379 1134 1462 τήν

113 1495 180 1551 τῶν
209 1491 397 1569 πολεμικῶν
427 1485 581 1572 ἀπειρίαν
613 1485 729 1569 ὀλίγον
760 1484 977 1549 ὑποστάντων
1008 1487 1134 1569 χρόνον

113 1583 180 1657 εἷλε
202 1595 264 1678 τήν
287 1596 386 1659 πόλιν
404 1594 486 1658 κατά
508 1592 639 1679 κράτος·
664 1593 745 1668 δούς
767 1591 805 1656 δὲ
827 1600 897 1668 τοῖς
920 1592 1134 1676 στρατιώταις

113 1700 161 1775 εἰς
187 1699 340 1785 ἁρπαγήν
363 1698 522 1784 ἐνέπλησε
549 1700 610 1783 τήν
634 1698 778 1781 δύναμιν
802 1698 963 1782 ὠφελείας
990 1699 1055 1781 ἅμα
1077 1699 1134 1764 καί
1183 1731 1186 1735 ’

78 1805 272 1889 ιθάρσουςὶ
319 1806 406 1872 εὐθὺ
430 1807 468 1871 δέ
490 1807 546 1871 καί
568 1807 652 1890 πρὸς
673 1806 733 1870 τὸν
756 1805 888 1870 Λευκὸν
916 1805 1047 1888 Τύνητα
1075 1828 1134 1870 κα·
1152 1826 1179 1867 ιο

112 1911 278 1993 λούμενον
302 1911 478 1992 ἀναζεύξας
501 1912 696 2000 ἐχειρώσατο
720 1913 781 1996 τήν
804 1914 914 1995 πόλιν,
943 1908 1133 1996 ἀπέχουσαν

111 2019 330 2103 Καρχηδόνος
359 2021 543 2104 δισχιλίους
573 2019 738 2096 σταδίους.
791 2017 978 2103 ἀμφοτέρας
1007 2018 1045 2083 δὲ
1073 2018 1133 2096 τάς

112 2123 257 2203 ἁλούσας
279 2129 392 2204 πόλεις
415 2127 531 2209 οἱμὲν
555 2136 750 2211 στρατιῶται
773 2125 1010 2210 διαφυλάττειν
1029 2125 1133 2208 ἠβού-

111 2235 210 2297 λοντο
240 2232 295 2297 καί
324 2235 382 2311 τάς
412 2233 572 2316 ὠφελείας
603 2234 650 2309 εἰς
679 2231 781 2309 αύτάς
809 2231 1019 2298 ἀπετίθεντο·
1050 2231 1067 2297 ὁ
1097 2232 1129 2296 δ’

109 2338 314 2424 Ἀγαθοκλῆς
332 2338 504 2405 ἀκόλουθα
521 2348 591 2415 τοῖς
609 2338 918 2425 προπεπραγμένοις
938 2338 1133 2422 διανοηθείς
1151 2360 1178 2401 ευ

109 2444 165 2508 καί
179 2443 313 2523 διδάξας
329 2447 366 2511 τὸ
382 2450 513 2529 πλῆθος
527 2446 571 2522 ὡς
585 2445 745 2529 οὐδεμίαν
759 2446 921 2532 συμφέρει
934 2447 1132 2530 καταφυγήν
1216 2527 1220 2536 1

111 2551 302 2637 ἀπολιπεῖν,
330 2551 390 2629 ἕως
413 2550 455 2616 ἀν
478 2549 655 2638 παρατάξει
677 2555 852 2637 νικήσωσι,
875 2551 1076 2637 κατέστρεψέ
1096 2575 1132 2618 τε

109 2658 168 2735 τάς
189 2662 302 2737 πόλεις
324 2658 380 2723 καὶ
403 2652 764 2745 κάτεστρατοπέδευσεν
786 2657 824 2725 ἐν
846 2652 1013 2746 ὑπαίθρῳ.

181 2815 394 2886 4Σικελιῶται]
415 2816 623 2884 Σωρραιιούσιοι
640 2817 670 2871 F.
742 2816 761 2870 6
784 2813 909 2885 ἐγίνοντο
931 2817 962 2870 F.
1039 2815 1057 2871 8
1080 2817 1132 2870 αύ-

109 2887 174 2948 τούς
187 2885 221 2939 Χ.
293 2884 481 2956 θπροσέβαλε
495 2887 525 2941 F.
596 2887 631 2942 12
649 2889 805 2956 πολεμικῶν
825 2904 890 2954 τοις
909 2886 976 2941 libri
994 2883 1130 2956 πολέμων.

110 2958 145 3012 15
172 2957 299 3025 θάρρους
326 2958 409 3011 Dind.
436 2974 553 3027 semper.
608 2960 680 3013 εύθύ
708 2956 778 3026 πρὸς
806 2955 856 3013 τὸν
881 2955 990 3014 Λευκὸν
1018 2958 1132 3026 Τύνητα

110 3027 310 3097 (Λευκοτένητα
327 3029 372 3100 F)]
391 3028 458 3082 urbs
477 3030 589 3099 ignota3
608 3046 680 3098 quae
699 3033 742 3084 est
760 3031 835 3084 inter
851 3047 893 3084 vv.
909 3030 955 3085 dd.
970 3029 1018 3096 lis,
1034 3031 1132 3083 utrum

109 3100 209 3154 eadem
234 3099 320 3154 fuerit
345 3117 379 3154 εο
402 3101 494 3155 Tunes
520 3101 566 3170 (cf.
589 3099 641 3152 XX
661 3103 704 3170 17)
732 3118 832 3168 necne,
857 3118 909 3169 pro
933 3103 1008 3155 certo
1031 3099 1132 3169 nequit

110 3171 274 3236 diiudicari3
295 3171 329 3226 cf.
343 3172 447 3236 θύσεως
467 3171 552 3227 Grote
566 3171 599 3227 G.
609 3170 641 3226 G.
651 3172 690 3226 VI
706 3190 733 3241 p.
748 3177 798 3226 751
814 3172 879 3227 adn.
894 3177 941 3239 403
960 3172 1044 3226 Holm
1059 3170 1091 3226 G.
1103 3172 1130 3227 S.

109 3242 135 3295 ΙΙ
148 3259 176 3310 p.
187 3248 253 3308 4773
263 3242 380 3298 Meltzer
389 3242 420 3297 G.
432 3244 458 3297 d.
469 3243 501 3296 K.
512 3243 525 3295 I
538 3261 565 3312 p.
577 3249 637 3297 371.
646 3249 711 3311 5253
722 3243 860 3298 Schubert
868 3243 972 3313 Agath.
982 3261 1010 3312 p.
1022 3248 1131 3312 102sq.;

109 3312 194 3367 Niese
209 3314 222 3367 I
238 3331 266 3382 p.
282 3321 334 3370 446
349 3331 373 3368 ο.
385 3321 415 3381 4;
435 3320 485 3369 451
502 3321 562 3370 ε.4.
620 3314 654 3369 17
674 3311 825 3385 δισχιλίους
844 3331 881 3369 στ.
914 3331 1061 3369 numerum
1080 3317 1132 3369 aut

110 3387 272 3454 corruptum
291 3402 350 3440 esse
370 3387 421 3441 aut
438 3385 559 3453 turpiter
577 3402 684 3441 errasse
698 3385 852 3440 Diodorum
869 3403 881 3439 ε
896 3387 998 3440 atuunt
1015 3403 1057 3439 vv.
1069 3385 1131 3454 dd.;

94 3471 146 3506 νεα
160 3456 194 3509 in
211 3457 310 3513 medio
327 3457 525 3527 relinquenda.
594 3456 629 3511 19
648 3455 840 3512 ἀποτίθεσθαι
857 3457 888 3510 F.
954 3457 989 3512 20
1007 3475 1132 3526 πεπραγ-

75 3520 184 3586 mate
199 3527 231 3581 F.
309 3529 352 3585 22
370 3527 538 3604 κατέσκαψε
556 3530 588 3586 F.
