2460 3848
478 181 577 235 LIBRI
594 180 666 243 XIX,
1043 179 1082 234 XI

60 271 115 321 Cap.
1059 310 1063 319 .

165 341 243 396 lonia
261 357 321 396 esse
338 342 462 411 potitum
478 342 637 412 Antigonus
655 342 829 396 Demetrium
847 342 878 396 in
896 341 1081 411 Babyloniam

166 420 290 491 ablegat,
304 421 354 491 qui
367 420 465 476 urbem
477 421 651 491 Babylonem
667 422 806 477 desertam
820 420 939 476 offendit
953 424 982 477 et
996 423 1080 490 capit.

61 507 120 557 101.
139 502 172 556 In
195 501 278 556 Italia
302 503 402 555 mutua
426 501 502 557 bella
526 503 601 557 inter
622 502 764 556 Romanos
787 504 816 556 et
834 501 973 556 Samnites
993 503 1082 557 conti-

165 585 261 637 nuata.
299 582 456 651 Fregellae,
476 581 597 650 Calatia,
616 580 689 637 Nola
708 584 815 651 captae.
852 582 954 637 Pontia
972 582 1082 637 colonia

55 676 57 682 ⁸
167 662 297 718 deducta.

60 748 121 798 102.
139 743 195 798 Res
222 743 253 797 in
280 740 377 797 Sicilia
404 746 509 812 gestae.
554 742 688 797 Messanii
715 741 867 811 Agathocli
893 743 991 797 infesti
1018 760 1082 796 cum

168 823 406 892 Syracusanorum
438 823 532 878 exules
564 822 748 892 recepissent,
780 823 964 893 Agathocles,
996 823 1081 876 misso

166 902 315 972 Pamphilo
334 920 398 956 cum
417 903 526 956 arcanis
544 903 698 971 mandatis,
719 919 815 958 eorum
832 902 903 957 urbe
920 920 972 972 per
986 901 1081 957 dolum

165 983 274 1052 potitus
302 983 397 1039 exules
425 982 508 1037 eiecit
533 998 684 1051 omnesque
710 984 759 1051 qui
784 983 946 1051 potentatui
970 981 1082 1038 fuerant

167 1063 308 1118 adversati
327 1064 465 1132 supplicio
485 1063 626 1117 mactavit.

61 1149 120 1199 103.
139 1143 305 1199 Dinocrates
333 1144 445 1199 exulum
474 1144 530 1197 dux
557 1146 586 1198 et
614 1142 858 1214 Carthaginienses
888 1144 918 1196 in
945 1142 1081 1196 auxilium

165 1227 248 1279 vocat
280 1227 308 1278 et
335 1225 396 1293 ipse
423 1223 657 1293 Nymphodorum
689 1225 726 1278 ad
758 1224 951 1292 occupandam
982 1222 1081 1277 urbem

167 1303 411 1374 Centoripinorum
433 1305 532 1359 mittit.
573 1305 739 1375 Agathoclis
758 1306 787 1359 et
806 1303 1081 1373 Carthaginiensium

166 1387 282 1440 mutuae
302 1384 483 1441 crudelitates
503 1387 623 1440 secutae.

400 1534 442 1592 01.
458 1543 519 1605 nr,
530 1543 545 1590 a
557 1559 563 1591 ι
575 1542 625 1591 311
641 1554 666 1592 a.
681 1535 744 1590 chr.

59 1631 119 1680 104.
139 1624 304 1680 Dinocrates
330 1626 367 1678 ad
390 1624 531 1681 Galeriam
552 1626 660 1695 proelio
680 1625 832 1696 confligens
851 1643 914 1680 cum
932 1625 1080 1694 Pamphilo

167 1707 195 1759 et
222 1705 403 1775 Demophilo,
431 1705 595 1776 Agathoclis
624 1706 754 1774 ducibus,
783 1705 919 1761 funditur.
966 1704 1080 1759 Cartha-

166 1785 307 1855 ginienses
325 1804 450 1855 pugnam
470 1787 635 1841 detrectant.

60 1871 120 1923 105.
140 1864 292 1933 Casander,
310 1865 502 1934 Ptolemaeus,
520 1867 702 1936 Lysimachus
719 1870 748 1922 et
761 1867 920 1937 Antigonus
940 1866 1081 1920 communi

166 1945 279 2000 foedere
297 1948 498 2001 controversias
518 1948 553 2002 de
571 1948 722 2017 provinciis
742 1948 885 2002 dirimunt.
917 1947 985 2001 Mox
996 1949 1081 2014 prout

167 2026 284 2097 singulis
308 2028 485 2082 commodum
508 2031 581 2096 erat,
601 2029 633 2082 id
653 2027 758 2097 singuli
775 2029 917 2097 rumpunt.
955 2027 1081 2081 Tandem

167 2106 307 2162 Casander
324 2108 478 2162 Rhoxanen
500 2125 557 2162 una
580 2125 644 2162 cum
666 2124 734 2178 rege
752 2107 825 2162 clam
843 2107 970 2162 occidere
988 2104 1080 2174 iubet3

166 2204 222 2257 quo
240 2189 316 2242 facto
334 2189 541 2256 provinciarum
557 2188 695 2257 praefecti
712 2204 792 2258 reges
811 2187 941 2242 evadunt.

201 2268 321 2322 Adieeta
338 2268 441 2322 notitia
459 2285 552 2323 rerum
569 2269 767 2323 Romanarum.
797 2267 917 2322 Romani
935 2266 1080 2320 Pollitium

167 2351 340 2419 oppugnant.
376 2348 537 2403 Interamna
555 2349 664 2404 colonia
683 2349 813 2404 deducta.

62 2435 123 2493 106,
141 2429 174 2484 In
192 2428 290 2483 Sicilia
309 2446 373 2483 cum
390 2429 557 2498 Agathoclis
580 2446 647 2498 opes
666 2430 696 2484 in
715 2429 775 2484 dies
799 2430 969 2495 crescerent,
993 2426 1080 2480 Poeni

166 2509 251 2563 misso
270 2509 411 2563 Amilcare
431 2526 494 2563 cum
513 2509 601 2564 classe
620 2525 668 2564 eas
687 2508 818 2565 cohibere
832 2510 943 2578 parant.
977 2506 1078 2562 Classis

166 2589 315 2660 naufragio
334 2590 441 2644 attrita.
480 2589 535 2644 Sed
553 2592 668 2659 reparat
685 2590 758 2644 vires
777 2589 909 2645 Amilcar.

54 2675 121 2727 107,
140 2669 312 2739 Agathocles
331 2668 441 2723 hostem
460 2670 549 2739 copiis
563 2670 774 2739 praevalentem
787 2670 915 2724 metuens
930 2668 1078 2722 Geloorum

166 2749 265 2805 urbem
284 2765 335 2819 per
354 2749 472 2804 insidias
491 2753 612 2820 occupat
631 2753 660 2805 et
678 2752 783 2806 domat.

63 2834 123 2885 108.
142 2829 299 2885 Poenorum
318 2831 411 2883 castra
430 2830 460 2884 in
483 2830 554 2885 colle
572 2831 695 2884 Ecnomo
713 2847 802 2899 prope
821 2830 965 2886 Himeram
985 2829 1010 2882 fl.
1032 2829 1079 2882 de-

167 2908 335 2964 scribuntur.
377 2909 400 2963 E
423 2911 538 2980 regione
563 2910 659 2965 stabat
677 2910 857 2980 Agathocles.
898 2907 1039 2977 Utrosque
1062 2927 1079 2962 a

167 3007 264 3060 pugna
279 2988 440 3045 deterrebat
453 2992 533 3044 vetus
547 2991 720 3045 vaticinium.
749 2990 805 3046 Sed
815 2989 908 3045 subito
924 2990 1080 3044 conseritur

166 3071 318 3141 proelium,
337 3071 367 3124 in
387 3087 442 3139 quo
460 3070 583 3139 primum
602 3071 774 3141 Agathocles
794 3071 928 3140 superior.

56 3156 120 3206 109.
140 3150 285 3205 Adhibitis
303 3149 495 3206 funditoribus
517 3151 652 3220 novisque
676 3168 710 3207 ex
728 3151 825 3206 Africa
848 3150 1078 3205 subvenientibus

167 3232 256 3301 copiis
279 3248 393 3301 pugnae
418 3231 532 3286 fortuna
557 3232 676 3286 inclinat
700 3233 731 3286 in
754 3232 870 3287 Poenos.
907 3230 1078 3300 Agathocles

166 3314 285 3382 accepta
303 3313 384 3367 clade
401 3313 484 3382 fugit.

60 3398 120 3448 110.
140 3392 311 3464 Agathocles
329 3393 420 3463 primo
440 3393 538 3447 Gelam
558 3408 588 3447 ae
606 3392 724 3463 recipit3
742 3392 834 3447 Poeni
842 3408 911 3446 uero
922 3391 1096 3444 sienem

165 3475 269 3528 multos
287 3474 343 3528 sibi
360 3474 526 3532 conciliant.
558 3473 636 3531 'lum
651 3473 834 3548 Agathocles
847 3472 1021 3538 emensas
1035 3463 1123 3512 reum

159 3558 189 3609 el
207 3554 313 3611 bellum
332 3556 364 3612 in
384 3558 520 3618 Africam
538 3562 707 3620 transferre
723 3553 937 3613 machinatur.
