2460 3848
118 215 185 280 234
485 209 661 266 Diodor.XX
674 215 771 266 4243.

117 359 180 442 τήν
197 359 302 443 χρόαν
320 365 360 442 τή
383 352 454 421 κατ’
472 355 595 434 αὐτοὺς
618 357 702 446 ούση
725 356 817 443 χάρη
839 357 901 439 τήν
921 356 1011 421 λδίαν
1034 355 1141 440 φύσιν

119 467 330 551 ἀπροόρατον
353 462 503 529 ἐποίουν·
530 455 581 540 οἷς
602 463 721 528 πολλοὶ
745 463 800 528 διά
822 463 884 548 τήν
907 464 1048 546 άγνοιαν
1071 462 1141 529 ἐπι-

118 574 292 654 βαίνοντες
320 572 463 656 δήγμασι
492 571 744 655 θανατηφόροις
772 569 997 654 περιέπιπτον.
1047 570 1141 647 τέλος

51 750 53 754 ,
119 679 156 744 δέ
187 679 270 744 κατά
301 678 363 761 τήν
392 677 589 763 ὁδοιπορίαν
618 681 735 741 πλεῖον
764 676 784 760 ή
816 677 878 742 δύο
908 683 1015 761 μήνας
1043 701 1141 742 κακο-

118 788 330 870 παθήσαντες
348 785 443 867 μόγις
462 785 626 868 διήνυσαν
644 784 728 868 πρὸς
745 784 824 860 τοὺς
844 784 921 870 περὶ
935 780 1141 867 Ἀγαθοκλέα
1173 805 1185 845 ι

118 892 174 957 καὶ
205 893 312 978 βραχὺ
346 891 602 976 διαχωρίσαντες
634 886 690 955 άπ’
718 889 870 975 άλλήλων
901 891 963 974 τήν
996 891 1141 974 δύναμιν

83 997 493 1084 3κατεστρατοπέδενσαν.
539 991 605 1062 εἶθ’
629 997 662 1062 ολ
688 997 750 1079 μὲν
777 998 1005 1083 Καρχηδόνιοι
1031 1000 1141 1063 πυθό-

118 1128 213 1188 μενοι
242 1106 304 1189 τήν
331 1105 460 1170 τούτων
486 1105 676 1189 παρουσίαν
703 1101 967 1188 κατεπλάγησαν,
998 1104 1142 1190 ὁρῶντες

117 1212 318 1295 τηλικαύτην
348 1212 493 1294 δύναμιν
522 1207 593 1275 κατ’
618 1210 729 1277 αὐτῶν
756 1211 917 1295 ήκουσαν·
948 1211 966 1277 ό
996 1212 1028 1275 δ’
1048 1213 1141 1295 Ἀγα-

118 1323 246 1402 θοκλής
273 1315 465 1403 άπαντήσας
491 1328 561 1395 τοῖς
588 1318 665 1404 περὶ
691 1319 752 1383 τὸν
772 1314 936 1402 Ὀφέλλαν
963 1318 1018 1383 καλ
1046 1324 1141 1402 φιλο·
1161 1339 1187 1379 ιο

119 1427 254 1511 φρόνως
290 1426 420 1490 άπαντα
455 1428 642 1511 χορηγήσας
677 1426 819 1501 τούτους
853 1425 915 1508 μὲν
949 1423 1045 1509 ήξίου
1079 1427 1142 1509 τήν

119 1533 277 1617 στρατιάν
301 1531 549 1614 ἀναλαμβάνειν
572 1531 609 1598 ἐκ
631 1542 689 1615 τής
711 1534 951 1615 κακοπαθείας,
981 1531 1081 1609 αὐτὸς
1104 1532 1143 1598 δὲ

119 1638 288 1722 ἐπιμείνας
316 1638 439 1723 ἡμέρας
469 1637 583 1722 όλίγας
614 1640 670 1705 καλ
701 1639 989 1722 κατασκεψάμενος
1022 1638 1142 1704 έκαστα

119 1755 186 1810 τῶν
218 1745 454 1830 πραττομένων
486 1744 524 1811 έν
556 1755 596 1832 τή
629 1749 822 1832 παρεμβολῇ
854 1756 922 1811 τῶν
954 1748 1142 1831 παρόντων,

119 1851 191 1918 ἐπεὶ
214 1853 251 1917 τὸ
275 1857 392 1918 πλεῖον
414 1853 513 1938 μέρος
536 1864 603 1918 τῶν
627 1863 837 1938 στρατιωτῶν
856 1851 910 1918 ἐπὶ
933 1853 1143 1939 χορτάσματα
1161 1871 1186 1913 ιι

118 1959 174 2024 καί
193 1962 384 2044 σιτολογίαν
398 1958 601 2043 ἐξεληλύθει,
619 1961 679 2025 τὸν
698 1960 736 2025 δέ
751 1958 913 2044 Ὀφέλλαν
932 1958 1019 2045 ἑώρα
1036 1961 1143 2043 μηδὲν

120 2076 187 2130 τῶν
205 2062 265 2151 ὑφ’
283 2066 403 2133 ἑαυτοῦ
422 2066 697 2150 βεβουλευμένων
714 2066 937 2151 ὑπονοοῦντα,
952 2071 1143 2152 συνήγαγεν

119 2171 296 2256 ἐκκλησίαν
315 2185 383 2239 τῶν
408 2175 504 2239 ἰδίων
526 2184 747 2258 στρατιωτῶν,
770 2178 997 2259 κατηγορήσας
1020 2174 1058 2239 δὲ
1080 2183 1142 2239 τοῦ

118 2281 284 2366 παρόντος
313 2279 368 2346 ἐπὶ
396 2282 458 2365 τήν
488 2281 677 2363 συμμαχίαν
705 2281 750 2357 ὡς
779 2279 1057 2362 ἐπιβουλεύοντος
1086 2281 1143 2346 καὶ

118 2385 308 2473 παροξύνας
334 2389 371 2452 τὸ
400 2391 531 2469 πλῆθος
558 2386 664 2464 εὐθὺς
692 2386 973 2470 διεσκευασμένην
995 2387 1057 2472 τήν
1083 2387 1143 2452 δύ·
1162 2408 1188 2448 ιο

83 2513 220 2575 εναμιν
242 2490 324 2576 ήγεν
347 2491 401 2558 ἐπὶ
423 2495 502 2570 τοὺς
520 2495 744 2576 Κυρηναίους.
781 2489 883 2560 sm
906 2493 968 2576 μὲν
983 2493 1143 2578 Ὀφέλλας

119 2601 175 2664 διά
198 2601 235 2664 τὸ
258 2597 448 2682 παράδοξον
470 2601 690 2683 καταπλαγείς
713 2599 903 2686 ἐπεχείρησε
930 2600 992 2683 μὲν
1015 2597 1143 2683 άμύνα-

119 2713 217 2790 σθαι,
246 2706 531 2790 καταταχούμενος
553 2707 591 2772 δὲ
613 2708 668 2773 καί
692 2709 753 2792 τήν
776 2707 1059 2792 ὑπολελειμμένην
1083 2708 1143 2773 δύ-

84 2832 220 2896 σναμιν
248 2813 309 2877 ούκ
336 2810 422 2898 έχων
449 2810 630 2900 άξιόχρεων
656 2811 843 2899 μαχόμενος
869 2811 1094 2897 ἐτελεύτησεν·
1124 2814 1142 2880 ὁ

120 2916 150 2984 δ’
170 2916 377 3004 Ἀγαθοκλῆς
404 2918 660 3005 συναναγκάσας
686 2922 723 2987 τὸ
753 2922 872 2986 λοιπὸν
899 2926 1030 3005 πλήθος
1060 2922 1144 2986 άπο-
1162 2940 1188 2982 ει

119 3027 246 3093 θέσθαι
269 3028 309 3092 τά
332 3027 418 3092 όπλα
440 3028 496 3093 καί
520 3028 775 3114 φιλανθρώποις
797 3026 1008 3111 ἐπαγγελίαις
1037 3048 1144 3113 παρα-

121 3132 325 3218 στησάμενος
366 3133 513 3212 ἅπαντας
553 3136 668 3221 κύριος
706 3133 837 3218 ἐγένετο
874 3141 933 3218 τῆς
969 3131 1144 3217 δυνάμεως

191 3361 311 3418 4πλείω
329 3362 362 3417 Χ.
413 3363 513 3431 {smol
532 3379 586 3417 om.
600 3363 633 3416 X.
683 3363 944 3434 6διαχωρήσαντες
961 3363 992 3419 F.
1043 3364 1145 3419 8τού-

104 3451 160 3487 τον
174 3433 207 3488 F,
280 3433 393 3492 9καθ’
409 3436 504 3493 αύτῶν
522 3434 554 3490 F.
617 3433 653 3489 11
675 3434 788 3489 ἅπαντα
811 3452 864 3489 om.
883 3435 913 3490 F.
978 3433 1014 3489 12
1037 3436 1144 3490 ἀναλα-

83 3501 159 3568 βεῖν
172 3503 208 3560 F.
273 3508 315 3566 13
333 3510 386 3566 καὶ
407 3528 463 3568 om.
480 3508 541 3568 RX.
602 3507 642 3565 1ss
660 3505 857 3576 ἐξελελύθηδδ.
906 3506 945 3559 Χθ
963 3505 1010 3558 ὲτιὶ
1025 3510 1063 3574 τῗη
1077 3522 1145 3574 συμ-

69 3570 177 3649 Μιίύϊ
194 3577 229 3635 F·
313 3583 352 3640 25
374 3582 574 3661 ἀποθέσθαι]
593 3578 767 3640 ἀποδόσθαι
784 3577 885 3642 οοδδο,
900 3573 1074 3628 mm&
