2460 3848
101 199 144 265 90
462 196 576 251 Diodor.
585 195 650 249 XIX
664 202 705 250 56.
718 200 760 249 57.

101 342 202 408 οὐδὲν
227 343 438 427 ἠδικηκότας,
466 342 550 406 άλλδι
577 341 633 406 καί
659 342 771 426 χρείας
797 343 926 417 πολλὰς
943 341 998 407 καὶ
1021 342 1121 426 μεγά-

101 454 159 527 λας
186 448 223 515 ἐν
251 459 290 535 τῇ
318 451 415 537 φιλίηι
442 447 711 533 παρεσχημένους
738 449 855 532 ἀρετῆς
878 447 1121 533 ὑπομεμενηκέ-

100 580 156 621 ναι
182 558 374 641 πρόστιμον.
425 551 546 644 διεξῄει
574 554 612 619 δὲ
638 555 694 619 καὶ
721 555 761 619 τδι
790 554 916 639 μεγέθη
947 566 1015 621 τῶν
1044 556 1121 641 περὶ

100 663 204 728 αὐτὸν
222 662 397 744 δυνάμεων
419 662 534 727 καὶτὸ
558 666 690 745 πλῆθος
711 671 779 727 τῶν
802 661 988 746 χρημάτων,
1011 659 1060 727 ἔτι
1084 664 1121 729 δὲ

100 771 157 846 τὰς
189 769 403 855 προσφάτους
435 769 603 853 εὐτυχίας,
635 766 668 846 ἐξ
699 762 747 833 ὧν
775 767 993 833 ὑπεδείκνυεν
1019 768 1121 854 ὑπερ
1152 790 1164 831 τ

98 879 232 959 ηφανον
268 874 490 959 γεγενημένον
526 875 581 939 καὶ
621 884 693 952 ταῖς
733 873 844 940 ἐλπίσι
884 878 1120 959 περιειληφότα

63 991 209 1048 επᾶσαν
238 984 299 1066 την
328 983 538 1047 Μακεδόνων
568 983 748 1065 βασιλείαν.
802 982 858 1046 διά
889 982 927 1047 δὲ
958 984 1120 1049 τοιούτων

100 1091 208 1173 λόγων
245 1089 513 1176 προτρεψάμενος
549 1090 609 1154 τὸν
643 1092 854 1171 Πτολεμαῖον
890 1086 1121 1171 ἑτοιμάζεσθαι

98 1197 138 1260 τδι
165 1197 248 1283 πρὸς
274 1197 334 1261 τὸν
361 1198 507 1278 πόλεμον
534 1194 695 1278 ἐξέπεμψέ
719 1217 813 1271 τινας
838 1205 906 1260 τῶν
935 1197 1045 1280 φίλων
1073 1198 1121 1274 είς

97 1305 159 1387 την
186 1303 366 1388 Εὐρώπην,
392 1300 578 1390 προστάξας
604 1308 786 1386 πειρᾶσθαι
813 1311 883 1378 τοίς
911 1301 1037 1384 ὁμοίοις
1066 1306 1120 1369 λό-
1139 1326 1165 1365 ιο

98 1433 170 1493 γοις
206 1408 350 1494 ἐχθροὺς
382 1411 574 1493 Ἀντιγόνου
611 1418 811 1493 καταστῆσαι
844 1409 1048 1494 Κάσανδρόν
1084 1433 1120 1475 τε

61 1517 152 1582 εκαί
181 1518 384 1601 Λυσίμαχον.
431 1510 479 1581 ὧν
508 1518 590 1600 ταχὺ
620 1516 658 1592 τὸ
688 1515 871 1581 κελευσθὲν
901 1517 1120 1582 συντελεσάν-

96 1646 164 1688 των
191 1624 274 1708 άρχη
303 1624 466 1710 διαφορᾶς
494 1621 615 1709 ἐφύετο
638 1623 694 1687 καί
715 1621 868 1706 μεγάλων
890 1623 1052 1706 πολέμων.
1101 1624 1119 1689 δ

97 1730 128 1793 δ’
143 1731 330 1813 Ἀντίγονος
353 1728 479 1795 ἐκτῶν
502 1731 639 1795 είκότων
663 1729 945 1811 συλλογισάμενος
970 1733 1032 1814 τὴν
1054 1736 1120 1796 Σε-

97 1835 217 1901 λεύκου
262 1839 458 1921 προαίρεσιν
503 1835 661 1919 ἐξέπεμψε
706 1838 911 1919 πρεσβευτὰς
955 1839 1039 1922 πρός
1082 1861 1120 1903 τε
1138 1859 1163 1899 ιτ

95 1948 305 2026 Πτολεμαίου
340 1945 396 2010 καὶ
433 1947 627 2028 Λυσίμαχον
666 1942 719 2007 καί
758 1941 972 2028 Κάσανδρον,
1015 1943 1118 2022 ἀξιῶν

95 2051 338 2135 διαφυλάσσειν
378 2054 439 2136 την
480 2049 765 2138 προϋπάρχουσαν
807 2052 937 2134 φιλίαν·
981 2061 1038 2136 τῆς
1080 2052 1118 2117 δέ

96 2161 312 2241 Βαβυλωνίας
330 2156 534 2242 καταστήσας
557 2155 729 2243 σατράπην
748 2157 895 2222 Πίθωνα
917 2158 977 2223 τὸν
1000 2156 1036 2223 ἐκ
1059 2168 1117 2243 της

92 2261 232 2350 Ἰνδικῆς
261 2267 506 2349 καταβεβηκότα
535 2264 615 2345 μετὰ
646 2273 704 2346 της
733 2263 906 2345 δυνάμεως
934 2263 1117 2349 ἀνέζευξεν,

60 2369 150 2436 οέπλ
177 2380 234 2454 τῆς
257 2373 410 2446 Κιλικίας
436 2371 498 2453 την
525 2370 664 2454 πορείαν
690 2370 898 2451 ποιούμενος.
944 2372 989 2448 ὡς
1016 2369 1046 2435 δ’
1070 2374 1118 2450 είς
1136 2394 1163 2434 ιο

95 2477 218 2541 Μάλον
244 2476 458 2561 παρεγένετο,
486 2475 650 2561 διεμέρισε
677 2478 738 2560 την
766 2477 911 2560 δύναμιν
939 2480 985 2555 είς
1011 2499 1117 2564 παρα-

94 2585 268 2668 χειμασίαν
295 2583 375 2666 μετδι
401 2583 501 2648 δύσιν
521 2579 687 2666 Ὠρίωνος.
733 2583 899 2669 παρέλαβε
928 2584 965 2649 δὲ
992 2585 1048 2650 καί
1076 2587 1117 2650 τδι

96 2689 133 2755 ἐν
155 2691 318 2767 Κυΐνδοις
340 2693 503 2774 χρήματα,
530 2690 674 2755 τάλαντα
699 2691 810 2776 μύρια.
856 2692 955 2776 χωρίς
980 2692 1017 2757 δὲ
1039 2693 1117 2758 τού-

95 2818 162 2862 των
196 2794 390 2862 *έκπίπτειν
424 2795 460 2862 ἐκ
496 2807 563 2862 τῶν
599 2798 776 2882 προσόδων
808 2798 896 2883 αὐτῷ
935 2809 1002 2863 τῶν
1041 2795 1112 2863 κατ’

95 2901 249 2969 ἐνιαυτὸν
288 2904 432 2969 τάλαντα
468 2905 570 2990 μύρια
605 2907 703 2990 χίλια.
763 2905 880 2987 διόπερ
917 2904 1117 2988 συνέβαινεν
1136 2926 1161 2967 ετ

166 3061 190 3115 1.
205 3060 316 3115 Mu&
338 3062 387 3115 κοιλ
408 3061 528 3130 μεγάλας
545 3059 641 3132 χρείας
659 3062 689 3117 ἐν
708 3067 742 3133 τη
760 3059 841 3136 φιλίᾳ
859 3059 1067 3133 παρεχομένους
1085 3063 1116 3117 F.

94 3131 112 3186 δ
130 3129 203 3204 ἐξῄει
221 3133 251 3186 Κ.
319 3132 337 3186 5
358 3131 536 3187 ἐπεδείκνυεν
554 3133 584 3188 F.
654 3135 669 3188 7
689 3133 780 3201 πάσης
798 3141 846 3202 τῆς
864 3138 904 3187 Μ.
925 3132 1067 3204 βασιλείας
1084 3135 1114 3188 F.

95 3203 143 3257 διδι
169 3205 200 3258 δὲ
225 3213 353 3259 τοιοῦτον
378 3201 461 3294 λόγον
483 3204 529 3287 Κ.Ι
590 3204 831 3327 δῙΙκαταστῆσαιῙ]
858 3204 1066 3259 κατασκευάσαι
1085 3207 1115 3261 F.

94 3274 130 3328 15
146 3294 175 3328 τε
195 3291 248 3330 om.
264 3276 293 3330 F.
344 3275 377 3329 21
393 3275 506 3346 Μαλον]
521 3275 643 3330 1tahbn
658 3292 767 3343 semper
786 3280 811 3343 (c
825 3318 831 3328 .
844 3274 909 3328 XIX
924 3281 965 3341 79,
977 3284 1005 3342 ὃς
1021 3282 1064 3340 80,
1075 3280 1115 3346 2);

93 3346 197 3400 rectius
222 3347 339 3402 Μάλλον
363 3347 408 3401 vel
433 3344 558 3402 Μαλλόν.
636 3347 672 3402 23
695 3346 725 3401 ἐν
745 3345 891 3418 Κυΐνδοις]
911 3346 942 3401 ἐν
960 3346 1115 3422 ΚιλικίηιΒῚ

90 3419 285 3488 suprascripto
300 3417 336 3472 ab
351 3417 375 3473 λ.
386 3436 422 3471 m.
438 3417 585 3485 Κυίνδοις;
601 3418 634 3472 cf.
650 3418 740 3472 XVIII
755 3424 797 3482 θλ,
809 3424 832 3472 2.
896 3418 1012 3473 23-25
1031 3421 1116 3489 χωρλς

75 3485 111 3535 δέ
129 3488 242 3542 τούτων
259 3487 410 3545 ἐκπίπτειν
428 3489 460 3545 ἐκ
480 3498 535 3545 τῶν
554 3509 600 3559 πρ.
616 3490 691 3565 αὐτῷ
703 3498 758 3543 τῶν
773 3487 835 3543 κατ’
848 3486 978 3545 ἐνιαυτὸν
991 3490 1115 3546 τάλαντα

53 3552 155 3618 μύρια
171 3556 259 3625 χίλια
276 3561 346 3631 RX;
368 3564 461 3636 χωρίς
484 3563 515 3621 δὲ
535 3565 646 3621 τούτων
667 3561 844 3632 συνάγεσθαι
860 3559 918 3613 κατ’
940 3559 1067 3617 {vtum
1086 3561 1119 3614 ἐκ
