2460 3848
427 188 541 257 01.116,
554 196 581 244 1:
601 194 653 244 ιιι
669 188 766 244 κομι.
1064 192 1106 258 51

87 334 238 418 εβάλετο,
265 335 303 400 τὸ
331 330 362 400 δ’
385 333 499 421 ἕτερον
527 334 756 418 ὑπεστείλατο,
783 335 970 419 διεγνωκὼς
993 326 1021 422 ιβ
1047 334 1109 417 μὲν

87 451 307 527 φυγομαχεῖν,
331 433 359 529 ᾦ
381 441 419 508 δὲ
442 443 765 527 <δι>οιγωνίζεσὺαι

156 547 246 614 Ἐπεὶ
264 547 303 614 δέ
323 547 488 634 σύνεγγυς
511 548 664 634 ἀλλήλων
686 548 816 633 ἐγένετο
839 549 880 615 τὰ
903 550 1109 636 στρατόπεδα
1118 548 1162 614 30

86 654 143 720 καὶ
169 656 207 720 τὸ
236 656 409 740 σύσσημον
435 657 526 742 ἤρθη
556 653 633 742 παρ’
656 655 869 743 ἀμφοτέροις,
901 654 1109 741 ἐπηλάλαξαν

55 761 149 845 ιμέν
179 763 214 827 αλ
243 763 401 845 δυνάμεις
430 762 572 842 ἐπαλλάξ
602 762 792 847 πλεονάκις,
808 756 991 848 ’ἐσήμηναν
1020 759 1051 828 δ’
1076 763 1110 829 οὑ
1199 785 1202 790 ·

87 870 285 952 σαλπνγκταί
307 870 344 934 τὸ
368 873 555 953 πολεμικόν.
593 881 718 956 πρῶτοι
741 870 772 936 δ’
790 872 823 937 ολ
844 872 925 954 μετὰ
948 872 1110 948 Πίθωνος

90 976 213 1060 ἱππεῖς,
253 978 389 1062 στερεὸν
425 977 486 1060 μέν
523 977 624 1044 οὐδὲν
661 974 735 1043 οὐδ’
767 975 943 1061 ἀξιόλογον
979 974 1110 1063 ἔχοντες

87 1084 291 1169 πρόφραγμα
322 1084 399 1170 περὶ
431 1083 568 1169 αύτούς,
601 1083 819 1171 ὑπερέχοντες
851 1083 890 1150 δὲ
920 1095 988 1150 τῶν
1021 1084 1110 1150 ἀντι-

86 1187 295 1274 τεταγμένων
335 1201 381 1280 τῷ
422 1215 458 1257 τε
498 1194 622 1275 πλήθει
661 1191 717 1257 καὶ
758 1201 829 1268 ταῖς
875 1189 1109 1277 ἐλαφρότησιν,

42 1320 69 1360 1ο
88 1295 267 1384 ἐπειρῶντο
290 1302 480 1384 χρήσασθαι
503 1308 572 1376 τοῖς
597 1299 695 1375 ἰδίοις
716 1301 950 1384 προτερήμασι.
987 1300 1024 1364 τὸ
1048 1298 1143 1382 μένε

85 1404 151 1490 γὰρ
181 1405 263 1470 κατὰ
293 1407 397 1488 στόμα
427 1405 695 1471 διακινδυνεύειν
723 1405 807 1490 πρὸς
836 1402 1018 1489 ἐλέφαντας
1048 1405 1110 1471 οὐκ

87 1510 234 1596 ἀσφαλὲς
248 1510 410 1596 ἐνόμιζον,
429 1512 725 1597 περιιππεύσαντες
739 1512 777 1578 δέ
790 1513 828 1577 τὸ
844 1511 942 1598 κέρας
954 1512 1010 1577 καὶ
1028 1517 1110 1577 πλα-

86 1620 173 1702 γίοις
202 1617 400 1702 ἐμβαλόντες
429 1629 570 1696 πυκνοῖς
597 1628 668 1697 τοῖς
696 1617 808 1702 βέλεσι
839 1620 1110 1705 κατετίτρωσκον,

88 1725 184 1791 αύτοί
206 1725 268 1808 μὲν
291 1726 347 1791 διὰ
368 1727 427 1804 τὰς
449 1725 675 1811 ἐλαφρότητας
703 1725 804 1792 οὐδὲν
831 1726 1028 1811 πάσχοντες,
1055 1749 1110 1809 με·

42 1852 69 1894 ιι
87 1831 173 1916 γάλα
200 1832 238 1898 δέ
265 1832 469 1916 βλάπτοντες
494 1836 573 1910 τοὺς
601 1834 657 1899 διδ
683 1833 724 1897 τά
751 1832 837 1917 βάρη
865 1832 939 1918 μήτ’
958 1831 1111 1911 ἐκδιῶξαι

88 1938 297 2021 δυναμένους
323 1936 397 2024 μήτ’
420 1939 616 2025 ἀναχωρεῖν,
646 1940 726 2006 ὅταν
753 1940 867 2024 καιρὸς
896 1941 1110 2031 παραγγείλη.

87 2045 242 2131 Ιάύμενης
260 2045 291 2110 δ’
306 2045 395 2132 ὁρῶν
414 2047 630 2130 πιεζούμενον
647 2047 685 2112 τὸ
708 2044 806 2131 κέρας
828 2057 873 2131 τῶ
897 2049 1020 2130 πλήθει
1042 2056 1110 2112 τῶν
1128 2066 1144 2114 3

88 2151 364 2237 ἀφιπποτοξοτῶν
399 2152 625 2237 μετεπέμψατο
662 2151 740 2238 παρ’
770 2151 931 2234 Εὐδάμου
973 2161 1034 2217 τοῦ
1071 2155 1110 2218 τὸ

89 2261 185 2325 λαιὸν
211 2259 308 2346 κέρας
337 2257 471 2345 έχοντος
497 2263 577 2338 τοὺς
603 2259 849 2346 ἐλαφροτάτους
876 2270 944 2325 τῶν
974 2257 1110 2345 ἱππέων,

42 2388 69 2428 ιο
88 2364 259 2451 ἐξαγαγὼν
277 2367 315 2432 δέ
333 2365 388 2432 ἐπί
406 2367 504 2453 κέρας
522 2369 583 2452 τὴν
604 2368 687 2452 ὅλην
708 2364 802 2444 τάξιν
824 2375 894 2443 τοίς
916 2365 977 2449 μὲν
1000 2371 1111 2446 ψιλοῖς
1128 2386 1145 2434 4

87 2473 236 2550 καὶτοῖς
259 2472 496 2559 ἐλαφροτάτοις
517 2485 586 2540 τῶν
611 2473 737 2540 ἱππέων
765 2473 934 2558 εἰσέβαλεν
957 2475 1004 2551 είς
1032 2477 1112 2552 τοὺς

88 2579 273 2663 ἐναντίους,
291 2579 615 2647 ἐπακολουθούντων
631 2580 669 2646 δέ
684 2581 740 2646 καὶ
755 2591 823 2646 τῶν
838 2583 971 2666 θηρίων
988 2581 1111 2669 ῥᾳδίως

89 2687 292 2773 τρεψάμενος
324 2689 402 2765 τοὺς
434 2688 510 2774 περὶ
541 2688 602 2752 τὸν
632 2689 778 2753 Πίθωνα
809 2686 984 2766 κατεδίωξε
1016 2687 1111 2774 μέχρι

42 2802 152 2878 ι41τῆς
169 2793 326 2880 ὑπωρίας.
363 2795 430 2877 ἅμα
448 2795 486 2860 δὲ
504 2795 634 2871 τούτοις
652 2793 889 2879 πραττομένοις
908 2794 1032 2879 συνέβη
1056 2794 1111 2860 καὶ
1128 2812 1145 2860 6

42 2921 69 2963 ει
88 2902 168 2978 τοὺς
204 2904 322 2979 πεζοὺς
357 2898 410 2986 ἐφ’
445 2903 560 2967 ἱκανὸν
592 2901 653 2983 μὲν
684 2902 808 2986 χρόνον
841 2905 1111 2986 φαλαγγομαχεῖν

88 3008 173 3094 πρὸς
204 3007 383 3093 ἀλλήλους,
414 3009 452 3074 τὸ
485 3008 523 3073 δὲ
554 3012 744 3073 τελευταίου
776 3013 910 3073 πολλῶν
939 3009 1111 3073 πεσόντων

160 3147 178 3202 2
208 3141 230 3221 ᾧ
256 3148 287 3203 δέ
315 3145 582 3220 <δι>αγωνίζεσθαι
609 3164 660 3202 ser.
691 3148 737 3215 (cf.
765 3147 830 3201 XIX
855 3153 942 3215 29,1;
965 3151 1064 3218 40,1);
1093 3141 1114 3220 ᾧ

89 3216 118 3272 δ’
144 3217 333 3289 ἀγωνίζεσθαι
359 3219 439 3274 codd.
511 3218 530 3273 4
555 3218 746 3287 ἐπηλλάλαξαν
768 3220 798 3273 F.
872 3219 889 3273 ὑ
915 3218 1057 3288 ἐσήμαναν
1079 3220 1109 3272 F.

90 3291 106 3345 7
121 3287 244 3363 στερεὸν]
264 3290 358 3359 ἕτερον
372 3289 430 3345 RX.
485 3290 503 3344 8
522 3290 624 3352 αύτοὺς
643 3290 738 3358 ουδεὶς
756 3291 858 3353 αὑτοὺς
876 3291 940 3345 edd.
990 3291 1026 3345 10
1043 3310 1111 3360 προ-

88 3362 240 3431 τερήμασιν
254 3363 284 3455 1⁴]
339 3362 383 3417 15.
398 3362 433 3416 16
451 3361 500 3416 διδι
518 3360 554 3415 τδι
573 3361 645 3432 βάρη
663 3361 713 3431 μὲν
732 3361 864 3428 ἐκδιῶξαι
877 3361 915 3431 μὴ
929 3359 1135 3472 δχιυαριέυοοξ

89 3433 355 3576 αιηιυιλ
372 3434 452 3575 λ...
479 3430 714 3565 λαιῶν
736 3432 779 3562 λ
802 3432 1107 3560 ...ὲὲῶὲεεε
1120 3463 1167 3533 ι,

81 3573 121 3626 24
140 3573 279 3641 ὑπωρείας
295 3576 322 3630 F
337 3593 460 3650 semper.

986 3651 1024 3706 4*
