2460 3848
119 193 183 258 102
477 189 592 245 Diodor.
602 188 667 243 XIX
681 195 723 245 64.
734 194 776 244 65.

118 335 155 400 δὲ
168 334 392 420 χωρισθέντος
407 332 621 420 Ἀλέξανδρος
639 332 742 399 ἐπιών
760 336 818 412 τὰς
836 332 874 399 ἐν
888 337 1135 420 Πελοποννήσῳ

116 445 229 519 πόλεις
251 439 319 525 μετ’
334 438 573 527 Ἀριστοδήμου
593 442 652 518 τὰς
669 441 730 523 μὲν
748 440 814 506 ὑπὸ
833 440 1036 527 Κασάνδρου
1053 448 1136 505 καθ-

117 547 295 631 εσταμένας
316 551 468 634 φρουράς
488 547 640 631 ἐκβαλεῖν
659 546 827 633 ἐπειρᾶτο,
849 557 920 626 ταῖς
941 547 978 613 δὲ
999 549 1136 612 πόλεσιν

82 673 98 722 ε
117 656 347 721 ἀποκαθιστᾶν
369 656 431 739 τήν
454 653 660 740 ἐλευθερίαν.
702 654 723 719 ἀ
745 654 787 738 δή
811 656 1004 738 πυθόμενος
1026 653 1044 720 ὁ
1067 655 1137 719 Κά-

117 763 262 847 σανδρος
289 759 411 845 ἔπεμψε
439 763 523 842 πρὸς
548 761 652 826 αὐτὸν
675 760 883 845 Πρεπέλαον,
906 759 1007 839 ἀξιῶν
1027 756 1190 868 ἰόντι-3658

116 871 221 952 γόνου
253 869 314 951 μὲν
347 869 545 953 ἀποστήναι,
583 877 766 951 συμμαχεῖν
802 867 833 933 δ’
860 868 948 954 αὐτῷ
983 870 1135 951 γνησίως.

116 984 214 1059 τοῦτο
245 975 275 1039 δ’
300 976 404 1041 αὐτοῦ
435 974 620 1060 πράξαντος
652 976 852 1059 στρατηγίαν
882 974 1004 1040 δώσειν
1034 972 1136 1060 ἔφησε

116 1081 224 1165 πάσης
241 1086 506 1167 Πελοποννήσου
529 1081 585 1145 καί
608 1080 780 1162 δυνάμεως
800 1079 987 1159 ἀποδείξειν
1007 1081 1136 1167 κύριον,

81 1185 165 1254 ιὲτι
195 1189 232 1254 δὲ
263 1192 335 1255 κατ’
359 1188 455 1268 ἀξίαν
487 1191 645 1272 τιμήσειν.
698 1186 716 1253 ὁ
748 1183 779 1252 δ’
801 1183 1015 1274 Ἀλέξανδρος
1047 1187 1136 1274 δρῶν

117 1294 206 1383 αὑτῳ
244 1296 523 1382 συγχωρούμενον
561 1289 601 1359 οὗ
637 1293 736 1379 χάριν
772 1291 806 1372 ἐξ
843 1294 945 1379 ἀρχῆς
985 1293 1136 1377 ἐπολέμει
1157 1324 1182 1363 ω

115 1404 199 1488 πρὸς
230 1404 444 1489 Κάσανδρον,
481 1403 669 1486 συμμαχίαν
701 1400 922 1484 ποιησάμενος
954 1400 1135 1486 ἀπεδείχθη

117 1512 298 1594 στρατηγὸς
321 1513 595 1594 Πελοποννήσου.

180 1613 265 1699 ’Ἅμα
311 1617 348 1682 δὲ
392 1618 524 1693 τούτοις
568 1615 807 1701 πραττομένοις
847 1615 1072 1692 Πολύκλειτος
1118 1615 1136 1681 ὁ

116 1724 284 1807 πεμφθείς
309 1722 375 1788 ὑπὸ
403 1734 471 1789 τῶν
498 1723 575 1808 περὶ
602 1721 772 1788 Σέλευκον
802 1721 838 1788 ἐκ
865 1722 1009 1807 Κύπρου
1036 1722 1136 1787 πλεύ-

81 1845 177 1905 σσας
203 1839 345 1914 κατῆρεν
374 1831 420 1906 είς
449 1829 631 1915 Κεγχρεάς,
661 1829 806 1906 ἀκούσας
834 1828 872 1894 δὲ
901 1830 964 1912 τήν
989 1827 1137 1907 Ἀλεξάν-
1157 1857 1182 1897 ιε

116 1936 200 2021 δρου
227 1936 408 2019 μετάθεσιν
430 1936 485 2001 καί
512 1942 654 2021 θεωρῶν
676 1935 780 2020 μηδὲν
802 1934 954 2020 ὑπάρχου
977 1935 1136 2018 πολέμιον

116 2043 267 2127 σύστημα
289 2044 348 2108 τὸν
371 2049 480 2109 πλοῦν
504 2041 558 2108 ἐπί
577 2043 780 2128 Παμφυλίας
803 2040 988 2127 ἐποιήσατο.
1026 2041 1136 2108 ἐντεύ-

115 2156 180 2215 θεν
208 2149 246 2214 δὲ
273 2150 537 2235 παρακομισθεὶς
564 2150 611 2225 εἰς
631 2148 870 2233 Ἀφροδισιάδα
892 2158 950 2233 τής
972 2151 1136 2234 Κιλικίας,

116 2257 212 2335 <ώς>
235 2257 379 2340 ήκουσεν
403 2257 454 2322 ὅτι
480 2256 642 2332 Θεόδοτος
669 2255 730 2338 μὲν
753 2254 771 2321 ὁ
791 2254 984 2339 Ἀντιγόνου
1012 2257 1136 2342 ναύαρ-

114 2387 173 2448 χος
190 2361 227 2428 ἐκ
245 2363 412 2448 Πατάρων
433 2371 491 2446 τής
509 2363 637 2439 Λυκίας
658 2367 825 2447 παραπλεῖ
846 2371 918 2439 ταῖς
940 2360 1005 2429 άπὸ
1020 2361 1135 2430 Ῥόδου
1156 2390 1183 2430 εο

115 2471 248 2553 ναυσίν,
280 2468 433 2554 ἐχούσαις
460 2467 525 2534 ἀπὸ
558 2471 686 2555 Καρίας
718 2470 932 2555 πληρώματα,
962 2470 1018 2534 καί
1050 2471 1136 2536 διότι

115 2579 281 2660 Περίλαος
299 2577 380 2659 μετδι
399 2585 610 2660 στρατιωτῶν
631 2575 773 2661 παράγει
795 2579 890 2662 πεζή,
912 2577 1136 2661 παρεχόμενος

115 2693 160 2771 τῳ
185 2684 291 2770 στόλῳ
310 2693 368 2768 τῆς
386 2681 518 2766 ἀγωγῆς
534 2682 596 2765 τήν
614 2680 810 2767 ἀσφάλειαν,
834 2681 1043 2768 ἀμφοτέρους
1060 2706 1136 2748 κατ-

80 2794 345 2875 οεστρατήγησε.
399 2790 477 2866 τοὺς
509 2789 571 2871 μὲν
601 2791 666 2875 γάρ
699 2790 899 2876 στρατιώτας
930 2788 1136 2872 ἀποβιβάσας

116 2892 260 2982 ἔκρυψεν
283 2893 321 2960 ἐν
344 2894 471 2983 εύθέτῳ
494 2897 600 2983 τόπῳ,
627 2897 707 2961 καθ’
724 2895 764 2960 ὃν
787 2895 969 2981 ἀναγκαῖον
991 2893 1034 2981 ήν
1057 2900 1136 2976 τοὺς
1156 2923 1182 2963 ει

115 3004 294 3086 πολεμίους
321 3003 383 3086 τήν
409 3002 560 3088 πάροδον
583 3006 803 3088 ποιήσασθαι,
833 3004 933 3080 αὐτὸς
956 3003 994 3069 δὲ
1015 3003 1137 3081 πάσαις

186 3194 204 3248 2
227 3192 436 3264 καθισταμένας
454 3196 484 3250 F.
557 3192 753 3264 ὅΠρέπελλον
778 3196 857 3263 libri;
882 3213 951 3252 corr,
970 3197 1074 3262 Rhod.3
1099 3198 1134 3251 cf.

114 3265 178 3319 XIX
197 3271 239 3332 68,
255 3272 284 3333 53
302 3265 354 3318 XX
373 3271 463 3333 102‚1
484 3267 604 3336 saepius.
665 3268 680 3323 7
700 3267 785 3336 ἔφησε
804 3269 903 3323 δώσειν
922 3268 952 3322 F.
1012 3267 1136 3322 θδυνά-

115 3337 227 3406 μεωνδ.
260 3334 405 3403 ἀπόδειξιν
419 3337 452 3392 X.
499 3337 572 3393 θίτι
587 3338 618 3392 δὲ
632 3339 681 3392 καί
695 3337 758 3393 κατ’
771 3336 854 3403 ἀξίαν
864 3340 894 3393 F.
940 3340 976 3395 10
990 3340 1065 3412 αύτῷ
1075 3339 1135 3396 RX.

104 3408 147 3457 15
160 3408 335 3476 Ιίεχρεάςθ,
357 3426 425 3464 corr.
446 3415 469 3464 2.
485 3428 521 3463 m.
581 3409 617 3465 18
634 3407 812 3478 Ἀφροδισίαν
826 3410 856 3464 F.
913 3411 949 3466 19
968 3410 1048 3483 <ώς>
1068 3411 1134 3468 εδδ.

86 3472 214 3540 Reium
227 3478 329 3547 Steph,
335 3483 408 3549 μοεί
421 3477 602 3553 ἀμφοτέρους
611 3484 647 3555 (v.
657 3486 702 3554 23)
710 3481 879 3551 particulam
895 3478 946 3537 οόν
961 3483 1030 3537 addi
1042 3483 1135 3538 iussit.

70 3535 115 3586 25
131 3541 167 3593 ἐν
185 3561 243 3601 om.
257 3549 292 3618 F,
316 3553 385 3610 add.
410 3562 433 3611 2,
450 3574 490 3613 m.
