2460 3848
398 201 401 207 .
428 153 582 221 01.11e‚1=
602 159 654 208 ωε
669 151 769 209 a.chr.
1066 157 1107 221 τη

88 299 186 387 ἔχειν,
214 302 303 366 καθὰ
330 299 386 365 καὶ
412 301 577 386 πρότερον
599 293 700 384 εἶχεν·
733 298 814 364 ούδέ
836 301 899 384 γάρ
923 307 1043 365 τοῦτον
1065 295 1109 383 ην

88 406 241 491 ἐκβαλεῖν
271 408 417 472 δυνατὸν
447 407 528 472 ἀνευ
557 409 682 493 χρόνον
708 410 836 472 πολλοῦ
859 406 1110 489 καὶδυνάμεως

88 515 200 600 ἁδρᾶς.
245 513 471 598 μετεπέμψατο
500 513 537 579 δὲ
563 514 619 579 καὶ
642 513 827 599 Σιβύρτιον
852 511 885 591 ἐξ
905 512 1144 599 Ἀραχωτῶν,3

88 616 126 687 εὖ
150 622 359 704 διακείμενον
382 622 422 687 τά
446 621 530 707 πρὸς
552 621 666 706 αὐτόν,
688 621 744 687 καῖ
767 624 828 705 την
850 643 885 686 τε
907 622 1110 705 σατραπείαν

56 725 176 814 ιέχειν
208 724 418 814 συνεχώρησε
449 729 505 794 καῖ
535 737 603 792 τῶν
635 726 896 813 ἀργυρασπίδων
927 726 1109 811 συνέστησε

87 838 166 913 τοὺς
196 835 521 921 ταραχωδεστάτους,
548 846 593 920 τῶ
621 833 683 917 μὲν
706 836 793 922 λόγῳ
816 836 900 919 πρὸς
922 836 980 911 τάς
1003 833 1041 899 ἐν
1063 845 1109 921 τῷ

87 942 219 1030 πολέμῳ
242 945 368 1028 χρείας,
390 953 436 1029 τῶ
459 938 491 1006 δ’
513 937 599 1029 ἔργω
619 943 703 1027 πρὸς
723 940 902 1007 ἀπώλειαν·
925 940 995 1006 κατ’
1019 941 1109 1007 ίδίαν

88 1051 152 1135 γὰρ
175 1047 359 1115 ἐνετείλατο
381 1045 452 1114 κατ’
475 1048 609 1132 ὀλίγους
632 1047 744 1113 αὐτῶν
761 1049 809 1125 είς
826 1048 981 1126 τοιαύτας
998 1049 1110 1135 χρείας

88 1155 303 1222 ἀποστέλλειν
325 1154 363 1221 ἐν
386 1148 438 1234 αίς
461 1152 600 1239 ἔμελλον
623 1155 830 1221 ἀπολεῖσθαι.
867 1153 905 1221 ἐν
923 1155 961 1221 δὲ
978 1157 1110 1233 τούτοις
1128 1173 1145 1220 4

42 1285 70 1326 ιο
88 1257 174 1328 εἶναι
207 1261 384 1346 συνέβαινε
415 1263 471 1328 καῖ
499 1265 578 1341 τοὺς
605 1263 741 1347 Εὐμενῆ
769 1262 996 1348 παραδόντας,
1025 1265 1109 1329 ὥστε

88 1380 155 1435 τῶν
194 1370 241 1447 είς
282 1371 342 1435 τὸν
383 1371 568 1455 στρατηγὸν
609 1371 897 1456 παρανομημάτων
938 1372 1109 1453 συντόμως

88 1477 202 1554 αὐτοῖς
223 1475 397 1560 ἐπιστῆναι
419 1477 592 1560 τιμωρίαν·
617 1478 651 1542 αἱ
673 1478 738 1562 γάρ
761 1476 890 1560 ἀσεβεῖς
912 1487 1020 1563 χρεῖαι
1039 1487 1109 1555 τοῖς

87 1583 148 1666 μὲν
178 1582 357 1661 δυνάσταις
388 1583 444 1647 διὰ
472 1584 534 1667 την
561 1581 716 1660 ἐξουσίαν
743 1584 895 1667 γίνονται
918 1589 1109 1668 λυσιτελεῖς,

86 1699 157 1767 τοῖς
175 1686 205 1753 δ’
223 1689 455 1756 ὑπακούσασιν
475 1689 621 1766 ίδιύταις
638 1689 791 1774 μεγάλων
804 1702 915 1756 κακῶν
928 1692 973 1768 ὡς
986 1689 1109 1756 ἐπίπαν

41 1818 69 1860 ιε
88 1796 190 1861 αίτιαι
220 1797 448 1861 καθίστανται.
502 1795 520 1861 ὁ
553 1793 584 1860 δ’
616 1790 679 1861 οὖν
706 1795 896 1880 Ἀντίγονος
928 1797 1018 1883 ὁρῶν
1049 1799 1144 1864 τὸνι

87 1900 283 1986 Πευκέστην
305 1905 394 1988 παρὰ
416 1912 486 1980 τοῖς
508 1901 656 1988 Πέρσαις
677 1903 820 1987 μεγάλης
843 1903 1010 1989 άποδοχης
1031 1927 1109 1989 τυγ-

87 2009 232 2094 χάνοντα
268 2009 306 2074 τὸ
342 2009 404 2092 μὲν
439 2019 572 2095 πρῶτον
608 2011 781 2096 παρείλετο
812 2011 875 2094 τὴν
907 2013 1110 2097 σατραπείαν

87 2116 201 2181 αὐτοῦ.
238 2125 305 2180 τῶν
328 2115 366 2181 δέ
388 2113 558 2202 ἐγχωρίων
581 2116 869 2201 ἀγανακτούντων,
893 2115 968 2194 ἐνὸς
986 2117 1024 2183 δέ
1040 2129 1109 2184 τῶν

86 2220 359 2306 ἐπιφανεστάτων
384 2225 531 2288 Θεσπίου
561 2224 617 2289 καῖ
642 2225 832 2309 παρρησίαν
860 2223 1042 2308 ἀγαγόντος
1065 2225 1109 2302 ὡς

42 2324 85 2438 ῗὲδ
93 2329 153 2415 οὐχ
177 2327 460 2411 ὑπακουσομένων
482 2334 626 2416 Περσῶν
646 2329 761 2419 ἑτέρω,
784 2339 905 2397 τοῦτον
927 2331 989 2414 μὲν
1012 2331 1109 2397 ἀπέκ-

86 2459 206 2519 τεινεν,
240 2434 528 2522 Ἀσκληπιόδωρον
565 2437 602 2502 δέ
638 2436 815 2521 κατέστησε
851 2448 909 2523 τῆς
941 2439 1109 2524 Περσίδος

86 2543 240 2629 ύπαρχον
275 2543 331 2608 καὶ
367 2544 446 2619 τοὺς
488 2544 623 2620 ἱκανοὺς
664 2546 864 2630 στρατιώτας
903 2543 1108 2629 παρέδωκεν·

87 2649 283 2734 Πευκέστην
315 2645 345 2714 δ’
377 2651 425 2727 εἰς
457 2650 558 2727 ἀλλας
590 2649 727 2728 ἐλπίδας
758 2649 892 2736 ἀγαγὼν
921 2652 976 2717 καί
1005 2664 1109 2729 κενῶς

86 2758 286 2843 μετεωρίσας
321 2754 480 2840 ἐξήγαγεν
512 2755 549 2822 ἐκ
579 2767 637 2841 τῆς
668 2758 783 2843 χώρας.
838 2758 1041 2842 ποιουμένου
1075 2758 1143 2826 δ’6

41 2884 68 2927 ω
87 2863 192 2929 αὐτοῦ
221 2865 283 2948 την
313 2864 452 2948 πορείαν
479 2860 534 2927 ἐπί
556 2863 701 2929 Σούσων
728 2864 917 2950 ἀπήντησεν
942 2866 1031 2953 αὐτῷ
1054 2864 1109 2932 ἐπὶ

85 2981 132 3057 τῶ
161 2971 342 3055 Πασιτίγρι
370 2980 505 3056 ποταμῷ
536 2969 720 3055 Ξενόφιλος
747 2971 765 3036 ὁ
792 2973 958 3059 κυριεύων
980 2983 1048 3040 τῶν
1070 2970 1109 3038 ἐν

159 3108 175 3163 1
191 3108 269 3182 οόδδ]
285 3108 347 3164 ούτε
362 3109 456 3175 σοβάς
472 3125 540 3164 corr.
551 3109 635 3164 Dind.
667 3119 767 3166 τοῦτον
781 3107 816 3181 ἦν
831 3111 959 3183 ἐκβαλεῖν
973 3109 1106 3185 δυνατὸν]

86 3175 123 3250 ἦν
141 3197 195 3236 om.
210 3179 248 3247 X3
272 3175 307 3249 ἦν
329 3189 428 3235 τοῦτον
452 3177 575 3235 δυνατόν
596 3180 654 3253 έκβ.
672 3182 702 3237 F.
774 3183 793 3237 9
814 3183 844 3237 ἐν
863 3180 906 3246 οἷς
925 3183 1018 3250 codd.3
1038 3200 1107 3238 corr.

87 3251 151 3307 edd.
216 3252 252 3307 13
269 3249 414 3321 γίγνονται
431 3251 461 3307 F.
528 3251 563 3306 14
582 3252 619 3314 ὡς
637 3250 742 3309 ἐπίπαν
760 3254 886 3324 μεγάλων
904 3262 1000 3308 κακῶν
1019 3255 1108 3309 αίτιαι

86 3343 113 3378 κ.
132 3323 162 3377 F.
227 3322 263 3377 15
286 3319 337 3377 ούν
356 3339 409 3378 om.
424 3322 455 3377 F.
509 3323 544 3379 17
562 3321 714 3391 παρείλατο
732 3325 761 3380 F.
816 3325 852 3381 18
870 3323 898 3380 δ’
919 3326 954 3379 Ε.
1000 3325 1041 3376 KQ
1061 3329 1121 3374 ἓτε-

87 3392 203 3449 σπεσίοο
216 3394 238 3448 F
252 3395 361 3448 inverso
375 3393 523 3449 verborum
536 3394 648 3451 ordine:
667 3396 720 3452 καὶ
733 3394 904 3466 παρρησλαυ
921 3389 1092 3461 οηωιὶωτος
1104 3388 1149 3432 Q

80 3464 314 3603 Ξῖχμῑτρνβούσινὲε
328 3465 359 3593 f
440 3465 477 3524 2ss
495 3465 527 3524 ἐν
547 3467 721 3544 Παιιτίηρα
739 3466 920 3540 ποιαμὶρῖ,
967 3452 1109 3518 Ξενδυλ
1126 3459 1172 3490 Q·
