2460 3848
127 173 192 237 328
477 168 797 224 Diodor.XX108.109.

91 315 305 380 εταλάντοιν.
352 315 451 392 αὐτὸς
478 314 516 379 δὲ
542 314 604 399 τὴν
628 315 772 396 δύναμιν
796 314 973 397 ἀναλαβὼν
995 314 1149 401 ὥρμησεν

127 420 163 487 ἐκ
189 432 247 506 τῆς
269 423 399 506 Συρίας
426 421 595 504 σύντομον
622 421 683 506 την
706 424 846 506 πορείαν
868 421 1068 504 ποιούμενος
1094 419 1149 488 ἐπὶ

126 531 205 605 τοὺς
232 531 419 610 πολεμίους.
465 529 512 605 είς
540 527 578 592 δέ
610 529 741 613 Ταρσὸν
768 539 825 613 τῆς
851 531 1004 605 Κιλικίας
1032 528 1149 613 ἀφικό-

126 657 225 716 μενος
253 632 286 712 ἐξ
315 628 363 700 ὧν
390 637 581 717 κατεκόμισε
608 635 784 719 χρημάτων
812 634 848 701 έκ
875 646 943 701 τῶν
967 636 1149 702 Κουΐνδων

90 758 106 806 3
125 743 163 805 τὸ
187 742 413 824 στρατόπεδον
432 743 479 819 είς
501 751 590 827 τρεῖς
612 748 718 826 μῆνας
741 741 1012 826 ἐμισθοδότησεν.
1048 741 1149 827 χωρὶς
1181 764 1193 802 ε

126 846 164 911 δέ
203 846 332 913 τούτων
368 850 533 934 τρισχίλια
574 847 719 913 τάλαντα
759 851 840 932 μετὰ
880 853 939 933 τῆς
977 848 1149 931 δυνάμεως

126 951 284 1038 ἐκόμιζεν,
307 955 396 1032 ὅπως
418 955 576 1038 τοιαύτην
599 951 656 1045 ἔχη
679 956 740 1038 την
763 957 935 1040 χορηγίαν,
957 954 1038 1020 ὅταν
1059 955 1147 1043 αὐτῷ

125 1062 220 1145 χρεία
249 1060 384 1145 γένηται
412 1061 596 1146 χρημάτων.
649 1058 760 1127 ἔπειτα
791 1062 851 1126 τὸν
886 1067 1018 1147 Ταῦρον
1047 1061 1149 1146 ὑπερ-

125 1168 238 1248 βαλὼν
256 1174 405 1254 προῆγεν
423 1167 478 1234 ἐπί
493 1170 735 1245 Καππαδοκίας
752 1169 808 1234 καὶ
825 1169 904 1245 τοὺς
923 1167 1148 1252 ἀφεστηκότας
1170 1155 1171 1159 ¹

125 1274 201 1360 περὶ
223 1275 286 1357 την
308 1276 377 1341 ἀνω
402 1276 554 1361 Φρυγίαν
577 1275 631 1340 καί
653 1276 847 1340 Λυκαονίαν
870 1273 1149 1361 ἐπιπορευόμενος
1167 1297 1194 1335 ιο

125 1380 226 1447 πόλιν
240 1382 288 1459 είς
301 1383 363 1466 την
374 1382 657 1468 προϋπάρχουσαν
672 1384 860 1467 συμμαχίαν
875 1381 1148 1467 ἀποκατέστησεν.

89 1503 106 1550 4
124 1487 203 1552 καθ’
221 1487 261 1553 δν
285 1489 326 1572 δη
353 1491 476 1574 χρόνον
500 1490 533 1554 ολ
559 1490 636 1575 περὶ
658 1489 719 1554 τὸν
741 1490 937 1573 Λυσίμαχον
959 1490 1148 1572 πυθόμενοι

125 1595 267 1677 τὴντῶν
281 1598 448 1677 πολεμίων
462 1598 651 1682 παρουσίαν
669 1597 890 1682 συνήδρευον,
908 1598 1148 1678 βουλευόμενοι

90 1717 106 1763 ο
125 1711 195 1777 πῶς
212 1701 374 1785 χρηστέον
393 1701 443 1786 εἴη
462 1711 532 1779 τοίς
551 1701 804 1787 ἐπιφερομένοις
821 1702 1001 1779 κινδύνοις.
1034 1699 1147 1779 ἔδοξεν

126 1800 189 1872 οὖν
212 1807 325 1885 αὐτοῖς
349 1809 396 1884 είς
419 1808 480 1890 μέν
503 1808 611 1894 μάχην
633 1811 677 1894 μη
701 1810 990 1893 συγκαταβαίνειν,
1021 1808 1082 1885 ἕως
1105 1807 1147 1873 ἀν
1167 1831 1192 1870 ιι

126 1915 158 1978 oz
186 1913 262 1999 περὶ
285 1913 455 1980 Σέλευκον
478 1913 514 1980 ἐκ
537 1927 609 1989 ,τῶν
636 1917 705 1981 ἀνα
734 1926 942 2001 σατραπειῶν
969 1919 1146 1998 καταβῶσι,

125 2021 247 2098 τόπους
266 2020 304 2086 δὲ
323 2020 466 2107 ὀχυροὺς
484 2020 732 2105 καταλαβέσθαι
749 2022 805 2087 καί
822 2020 941 2108 χάραιιι
959 2022 1014 2088 καί
1030 2022 1146 2109 τύφρφ

124 2128 186 2210 τὴν
204 2129 464 2214 στρατοπεδείαν
483 2128 772 2213 ἀσφαλισαμένους
794 2128 975 2211 ὑπομένειν
997 2138 1065 2194 τῶν
1088 2149 1147 2193 πο-

125 2234 248 2316 λεμίων
270 2236 331 2318 την
354 2231 489 2320 έφοδον.
536 2230 629 2301 οὗτοι
651 2235 713 2317 μέν
736 2231 859 2301 οὖντὸ
885 2235 1010 2320 δοχθέν
1034 2235 1147 2312 αὐτοῖς

125 2338 302 2407 ἐπετέλουν
320 2343 402 2407 κατὰ
420 2342 581 2427 σπονδήν.
618 2341 636 2406 ὁ
656 2342 688 2405 δ’
702 2341 892 2425 Ἀντίγονος
910 2340 981 2407 ἐπεὶ
1004 2344 1147 2426 πλησίον
1166 2364 1193 2402 εο

124 2446 255 2530 ἐγένετο
271 2459 339 2514 τῶν
352 2452 531 2532 πολεμίων,
550 2446 684 2526 ἐκτάξας
698 2450 760 2533 την
775 2448 920 2530 δύναμιν
933 2454 1146 2534 προεκαλεῖτο

90 2556 172 2631 θείς
194 2554 310 2639 μοίχην.
357 2555 496 2632 οὐδενὸς
519 2556 551 2619 δ’
568 2553 730 2633 ἐπεξιέναι
752 2560 939 2637 τολμῶντος
962 2555 1063 2632 αὐτὸς
1085 2556 1147 2638 μὲν

124 2661 320 2744 κατελάβετο
352 2664 476 2739 τόπους
508 2662 615 2747 τινύς,
648 2659 691 2726 δι’
720 2657 768 2728 ὧν
800 2661 983 2745 ἀναγκαῖον
1014 2659 1057 2746 ἦν
1088 2664 1147 2740 τὰς

124 2769 251 2853 τροφὰς
273 2778 343 2846 τοῖς
365 2766 530 2846 ἐναντίοις
553 2770 849 2854 παρακομίζεσθαι·
873 2770 906 2834 ολ
928 2769 966 2834 δὲ
988 2768 1065 2855 περὶ
1087 2771 1147 2834 τὸν

124 2877 321 2960 Λυσίμαχον
337 2874 547 2960 φοβηθέντες
564 2879 689 2960 μήποτε
707 2881 766 2960 τῆς
784 2875 907 2962 ἀγορᾶς
925 2876 1147 2961 ἀποκοπείσης
1164 2897 1191 2936 2⁵

124 2981 310 3066 ὑποχείριοι
337 2981 499 3065 γένωνται
521 2993 591 3060 τοῖς
614 2984 797 3065 πολεμίοις,
827 2983 947 3061 νυκτὸς
971 2981 1146 3062 ἀνέζευξαν

124 3089 180 3152 καί
207 3088 431 3166 διατείναντες
456 3090 614 3167 σταδίους
636 3091 869 3174 τετρακοσίους
891 3089 1147 3176 κατεστρατοπέ-

90 3195 250 3260 ιδενσαν
273 3197 350 3281 περί
372 3197 580 3282 Δορύλαιον·
604 3190 671 3281 είχε
697 3197 762 3281 γὰρ
785 3196 822 3261 τὸ
846 3199 971 3282 χωρίον
994 3199 1087 3262 σίτου
1111 3218 1145 3259 τε

196 3351 213 3405 2
233 3353 367 3408 σύντονον
386 3354 470 3407 Dind.
544 3353 562 3407 4
579 3353 728 3409 Κουΐνδων
745 3353 792 3407 RF
811 3357 960 3410 Κονϊνδῶν
976 3353 1014 3420 Χ;
1033 3353 1146 3408 Κύϊνδα

124 3422 215 3476 XVIII
234 3430 307 3491 am
328 3423 387 3495 (ubi
406 3424 494 3494 vide);
513 3423 576 3478 XIX
596 3431 638 3492 56,
654 3430 678 3480 ὅ.
753 3426 767 3479 7
788 3423 916 3495 ἐκόμισεν
933 3426 963 3479 F.
1000 3425 1132 3492 τοιαύτην

124 3494 228 3564 ταύτην
247 3494 330 3550 Dind.
381 3496 415 3549 11
435 3496 486 3568 είς]
507 3496 552 3550 ἐπὶ
566 3496 597 3550 Ρ.
647 3497 683 3550 13
701 3497 882 3566 βονλούμενοι
895 3496 929 3551 X.
979 3494 1014 3550 17
1028 3494 1133 3565 χάρακι

110 3564 224 3631 χάρακι
238 3567 296 3635 μέν
312 3567 342 3621 F.
405 3567 440 3622 19
459 3568 555 3630 αὐτοῖς
573 3567 646 3622 libri.
706 3566 743 3621 24
760 3566 924 3637 κομίζεσθαι
938 3567 968 3634 F,
984 3583 1053 3623 corr.
1069 3575 1094 3622 2.
1109 3586 1145 3621 m.

2 3684 4 3689 .
102 3631 156 3685 τδν
175 3652 231 3691 om.
251 3637 288 3693 Χ,
367 3639 403 3696 25
423 3641 544 3716 ἀγορᾶς]
564 3636 699 3711 εὐπορίας
714 3639 749 3696 δ.
