2460 3848
121 198 163 264 96
481 195 594 250 Diodor.
604 194 669 249 XIX
683 201 725 249 60.
737 201 778 248 61.

85 339 319 426 ιἈντίγονον.
371 340 389 405 ὁ
419 337 450 404 δ’
478 339 587 426 ἔτερος
616 351 683 406 τῶν
714 352 907 424 στρατηγῶν
934 344 1140 424 Πτολεμαῖος

120 448 300 530 πορευθείς
330 449 411 530 μετὰ
442 457 499 532 τῆς
531 446 704 529 δυνάμεως
735 449 782 525 είς
810 448 1054 513 Καππαδοκίαν
1085 449 1140 514 καὶ

120 555 315 638 καταλαβὼν
335 554 490 636 Ἀμισσὸν
517 553 803 640 πολιορκουμένην
825 552 884 619 ὑπ’
899 552 1141 639 Ἀσκληπιοδώ-

121 687 182 747 ρου
206 670 265 726 τοῦ
284 660 488 746 Κασάνδρου
512 670 697 746 στρατηγοῦ
720 662 782 745 την
804 661 866 743 μὲν
888 663 988 727 πόλιν
1011 660 1047 727 ἐκ
1073 674 1140 729 τῶν

120 769 289 834 κινδύνων
309 765 487 853 ἐρρύσατο,
509 770 589 846 τοῦς
611 768 650 834 δὲ
672 769 748 852 περί
770 768 830 833 τὸν
849 764 1140 855 Ἀσκληπιόδωρον
1171 792 1183 830 ε

85 895 101 942 ε
120 874 355 951 ὑποσπόνδους
379 874 475 958 ἀφεὶς
497 874 697 959 ἀνεκτήσατο
720 875 782 958 την
805 877 1016 959 σατραπείαν.
1059 879 1140 958 μετὰ

121 981 158 1047 δὲ
187 990 290 1046 ταῦτα
319 981 499 1065 πορευθείς
528 982 585 1046 διά
614 982 780 1058 Βιθυνίας
811 981 866 1046 καί
900 983 1049 1066 Ζιβύτην
1080 985 1140 1049 τὸν

120 1087 257 1170 βασιλέα
288 1098 356 1153 τῶν
383 1092 545 1153 Βιθυνῶν
576 1088 772 1170 καταλαβὼν
802 1093 1047 1173 πολιορκοῦντα
1079 1093 1140 1174 τήν

120 1217 155 1259 τε
181 1205 249 1260 τῶν
270 1196 478 1279 Ἀστακηνῶν
505 1194 561 1259 καί
583 1194 823 1278 Χαλκηδονίων
846 1196 946 1260 πόλιν
974 1196 1140 1281 συνηνάγ-

119 1318 199 1366 κασε
218 1307 316 1367 λῦσαι
334 1303 396 1385 τὴν
413 1304 617 1387 πολιορκίαν.
654 1300 875 1385 ποιησάμενος
894 1301 932 1366 δὲ
951 1305 1140 1389 συμμαχίαν
1159 1325 1183 1364 ιο

120 1411 203 1495 πρός
225 1431 261 1474 τε
283 1410 341 1486 τάς
363 1410 476 1485 πόλεις
498 1408 618 1486 ταύτας
641 1408 696 1474 καί
718 1409 802 1492 πρὸς
825 1409 885 1473 τὸν
909 1409 1068 1493 Ζιβύτην,
1091 1407 1141 1474 ἔτι

121 1516 158 1581 δὲ
188 1517 299 1599 λαβὼν
329 1514 474 1598 ὁμήρους
503 1525 650 1600 προῆγεν
680 1514 734 1580 ἐπί
759 1516 885 1591 Ἰωνίας
913 1515 969 1580 καί
998 1517 1140 1593 Λυδίας·

120 1621 296 1707 ἐγεγράφει
323 1623 388 1705 γάρ
413 1623 601 1705 Ἀντίγονος
628 1622 717 1708 αύτῷ
748 1625 890 1705 βοηθεῖν
919 1631 958 1707 τῇ
989 1625 1139 1710 παραλίῳ

120 1730 201 1793 κατὰ
233 1729 345 1812 τάχος,
382 1729 426 1805 ὡς
457 1738 517 1794 τοῦ
550 1712 720 1794 Σελεύκου
753 1730 813 1793 τὸν
849 1733 959 1794 πλοῦν
990 1727 1140 1795 ἐνταῦθα

84 1834 352 1919 εποιησομένου.
398 1836 443 1912 ὡς
469 1835 510 1901 δέ
534 1837 616 1901 ποῦ’
637 1832 696 1919 ἧκε
723 1836 866 1919 πλησίον
893 1845 960 1901 τῶν
985 1856 1141 1920 προειρη-
1159 1857 1183 1897 ιε

119 1942 229 2025 μένων
260 1944 383 2026 τόπων,
415 1941 581 2019 Σέλευκος
612 1940 706 2027 έτυχε
738 1942 799 2024 μὲν
831 1947 1020 2027 πολιορκῶν
1045 1944 1140 2027 Ἐρυ-

119 2049 222 2134 δράς,
250 2051 442 2132 πυθόμενος
465 2048 503 2113 δὲ
526 2051 677 2133 τὴντῶν
700 2050 867 2131 πολεμίων
890 2049 1035 2131 δύναμιν
1058 2055 1140 2133 πλη-

120 2160 195 2223 σίον
219 2152 324 2222 οὖσαν
347 2154 554 2221 ἀπέπλευσεν
578 2155 750 2240 άπρακτος.

67 2265 108 2328 61
190 2266 378 2347 Ἀντίγονος
401 2261 438 2326 δὲ
461 2261 732 2346 παραγενομένου
756 2263 839 2345 πρὸς
867 2261 971 2327 αὐτὸν
990 2259 1140 2341 Ἀλεξάν-

121 2372 204 2453 δρου
231 2379 292 2435 τοῦ
320 2367 599 2452 Πολυπέρχοντος
627 2370 711 2452 πρὸς
739 2369 801 2451 μὲν
828 2377 949 2435 τοῦτον
976 2369 1140 2436 συνέθετο
1159 2391 1185 2431 ιο

121 2478 248 2560 φιλίαν,
276 2476 375 2551 αύτὸς
402 2474 440 2539 δὲ
468 2474 667 2558 συναγαγὼν
694 2486 762 2540 τῶν
789 2500 824 2541 τε
853 2487 1062 2561 στρατιωτῶν
1084 2476 1141 2541 καί

120 2592 187 2647 τῶν
219 2581 539 2666 παρεπιδημούντων
570 2584 687 2666 κοινὴν
723 2581 900 2667 ἐκκλησίαν
935 2585 1140 2666 κατηγόρησε

120 2687 339 2771 Κασάνδρου,
361 2691 612 2773 προφερόμενος
631 2693 693 2774 την
713 2713 748 2754 τε
766 2689 984 2772 Ὀλυμπιάδος
1003 2687 1193 2771 άναίρε-εοσ

121 2813 176 2862 σιν
202 2795 258 2861 καί
285 2797 326 2860 τά
349 2795 522 2879 συμβάντα
548 2796 624 2882 περὶ
643 2793 806 2880 Ῥωξάνην
828 2795 884 2861 καί
910 2795 1141 2878 τὸνβασιλέα.

85 2921 100 2968 2
121 2904 204 2989 πρὸς
230 2902 268 2968 δέ
294 2903 425 2980 τούτοις
452 2900 564 2987 έλεγεν
591 2903 636 2979 ὡς
661 2905 909 2988 Θεσσαλονίκην
936 2903 998 2985 μὲν
1025 2903 1141 2985 βιασά-
1159 2923 1185 2964 ιε

190 3019 331 3129 sumo&
346 3058 381 3126 ε,
408 3059 442 3113 α.
466 3058 529 3112 x1x
548 3065 591 3127 ετ,
605 3068 630 3114 4.
703 3060 722 3116 4
744 3060 914 3129 αισιιεροι
939 3059 1006 3114 fibri
1031 3077 1140 3126 omne„

119 3131 269 3200 ’Λεάνδρου
289 3131 388 3197 Wess.;
408 3129 442 3183 cf.
457 3128 521 3183 XIX
535 3135 577 3199 57,
589 3139 612 3186 1.
649 3128 732 3187 πόλιν
750 3149 803 3186 om.
819 3131 876 3185 ΒΧ.
934 3132 1002 3187 7.11
1019 3132 1140 3203 Ζιβύτην

120 3202 170 3256 RX
197 3203 242 3271 (cf.
262 3202 338 3257 Suid.
359 3220 379 3255 ε.
394 3204 430 3270 v.)
458 3200 589 3272 Ζιβοίτην
607 3203 641 3270 Ἐς
670 3201 809 3271 Ζυποίτης
830 3203 912 3257 Paua.
935 3203 961 3256 V
980 3209 1022 3268 12,
1038 3208 1067 3268 λς
1094 3208 1141 3257 Ζι-

120 3271 218 3343 ποίτης
243 3274 344 3329 Memn.
367 3278 401 3327 20
427 3272 576 3343 (PHGIH
595 3291 622 3343 p.
641 3276 702 3343 537)
730 3277 758 3329 ολ
783 3273 822 3328 St.
840 3274 872 3328 Β.
893 3291 953 3328 ατ.
982 3272 1141 3342 Ζιποίτιον;

123 3343 268 3414 Ζειποίτης
285 3345 359 3400 Plut.
379 3347 433 3400 aet.
453 3344 499 3398 Gr.
513 3350 557 3399 49.
619 3343 857 3416 9Καλγηδονίυν
876 3345 959 3400 Dind.
1024 3345 1059 3400 15
1077 3365 1141 3400 ποι-

120 3413 260 3484 ησαμένου
286 3416 358 3471 RXF
386 3417 576 3486 (supraposito
600 3436 615 3471 ο
639 3434 657 3471 α
679 3435 721 3486 pr.
740 3419 796 3485 m.).
884 3417 921 3471 16
944 3413 1050 3542 τότωνέ
1076 3418 1141 3472 τού-

105 3505 166 3537 των
180 3487 239 3540 ER
303 3488 341 3544 21
361 3488 550 3562 στρατιωτῶν]
570 3497 729 3560 στρατηγῶν
748 3487 785 3554 Χ,
805 3504 873 3543 corr.
895 3495 918 3543 1.
933 3506 969 3543 m.
1049 3487 1140 3543 4Ῥο-

86 3552 186 3621 {dm
201 3557 234 3612 F,
