2460 3848
436 211 549 276 01111,
561 218 589 266 1:
610 216 661 266 816
676 226 700 266 ο.
712 210 774 266 chr.
1070 219 1113 283 33

94 369 212 444 πηγῶν
242 357 303 435 ἕως
331 362 391 441 τῆς
419 356 593 440 θαλάσσης
623 361 787 441 φυλακαῖς
816 357 1030 440 διαλαβόντες
1056 359 1114 426 άν-

95 465 214 549 έμενον
243 465 305 549 τήν
334 474 402 531 τῶν
430 464 598 546 πολεμίων
625 460 760 547 ἔφοδον.
805 464 1050 551 προσδεομένης
1076 467 1114 533 δὲ

94 578 154 659 τῆς
178 576 330 661 φυλακῆς
353 571 468 636 διὰτὸ
492 575 595 656 μήκος
618 579 827 655 στρατιωτῶν
851 571 914 637 οὐκ
936 572 1060 657 ὀλίγων
1081 575 1114 639 οἱ

93 679 171 765 περὶ
200 679 260 744 τὸν
287 677 424 762 Ε’ώμενή
453 677 508 742 καὲ
533 674 702 761 Ἀντιγένη
729 673 875 760 ήξίωσαν
901 680 962 745 τὸν
988 680 1114 746 Πευκέ-

61 810 75 852 ι
94 801 177 870 στην
200 782 236 851 ἐκ
258 790 318 870 τῆς
335 784 503 869 Περσίδος
521 782 797 867 μεταπέμψασθαι
813 781 948 863 τοξότας
965 789 1114 872 μυρίους.

94 893 113 960 ὁ
134 892 172 958 δὲ
193 893 232 957 τὸ
250 891 312 974 μὲν
329 901 463 976 πρῶτον
481 891 522 956 οὐ
541 899 717 976 προσεῖχεν
735 889 863 975 αὐτοῖς,
886 904 1115 980 μεμψιμοιρῶν
1133 911 1149 960 5

93 997 149 1065 έπὲ
166 1009 212 1085 τῷ
231 998 274 1083 μή
293 997 480 1083 τετευχέναι
503 1004 561 1082 τῆς
584 999 795 1082 στρατηγίας,
816 997 960 1084 ὕστερον
979 1001 1016 1066 δὲ
1035 1002 1116 1079 δοὺς

94 1105 183 1195 αὐτῷ
212 1107 315 1189 λόγον
343 1105 575 1191 συνεχώρησεν
602 1105 653 1171 ὅτι
677 1107 903 1189 κρατήσαντος
920 1102 1114 1191 Ἀντνγόνου

93 1215 297 1297 συμβήσεται
323 1211 379 1277 καί
405 1213 469 1296 τήν
495 1213 698 1296 σατραπείαν
725 1211 829 1279 αὐτὸν
855 1211 1038 1296 ἀποβαλεῖν
1059 1215 1115 1281 καί

47 1344 75 1385 1ο
93 1319 170 1406 περὶ
201 1319 444 1402 τοῦσώματος
474 1319 698 1407 κινδυνεῦσαι.
749 1317 903 1403 ἀγωνιῶν
935 1314 998 1385 οὖν
1029 1320 1148 1407 δπὲρσ

94 1425 197 1492 αὑτοῦ
225 1426 281 1491 καὶ
308 1430 367 1510 τῆς
393 1427 592 1510 στρατηγίας
618 1429 745 1509 μᾶλλον
771 1422 948 1502 τεύξεσθαι
972 1429 1115 1510 νομίζων

94 1533 139 1610 ώς
164 1534 340 1609 πλείστους
367 1529 453 1617 ἔχων
483 1533 683 1617 στρατιώτας
710 1534 932 1617 προσήγαγεν,
962 1534 1113 1620 καθάπερ

92 1637 220 1724 ήξίουν,
243 1636 379 1717 τοξότας
399 1641 548 1725 μυρίους.
586 1637 765 1723 ἀπέχοντες
787 1635 818 1703 δ’
836 1636 921 1706 ἔνιοι
939 1652 1008 1706 τών
1026 1646 1115 1727 Περ

93 1757 163 1812 σῶν
186 1745 268 1812 ὁδὸν
289 1746 423 1832 ἡμερῶν
444 1745 622 1831 τριάκοντα
644 1747 681 1811 τὸ
709 1747 943 1831 παραγγελθὲν
968 1748 1114 1832 αὐθημε-

46 1877 74 1918 11
93 1855 156 1941 ρδν
184 1855 310 1938 ήκουον
340 1854 395 1918 διά
424 1854 462 1918 τὸ
493 1852 736 1939 φιλοτεχνηθὲν
763 1853 840 1939 περὶ
865 1856 925 1931 τὰς
951 1856 1113 1940 φυλακάς·

93 1960 175 2046 ὅπερ
203 1959 244 2026 οὐ
272 1964 379 2037 καλῶς
407 1956 474 2043 ἔχει
496 1960 733 2045 παραδραμεῖν.
779 1966 838 2044 τῆς
859 1961 923 2046 γάρ
947 1965 1147 2047 Περσίδοςῖ

93 2067 196 2151 οὔσης
226 2067 470 2144 αὐλωνοειδοῦς
499 2067 554 2131 καὲ
582 2067 707 2142 σκοπὰς
735 2063 875 2153 ἐχούσης
903 2066 1033 2152 ὑψηλὰς
1058 2071 1113 2135 καλ

92 2175 222 2250 πυκνὰς
244 2170 299 2238 ἐπὶ
320 2175 451 2239 τούτων
468 2171 718 2258 ἐφειστήκεισαν
736 2174 770 2238 οῖ
791 2171 947 2257 μέγιστον
966 2178 1113 2259 φθεγγό-

92 2303 189 2364 μενοι
214 2290 283 2346 τών
305 2278 486 2366 ἐγχωρίων·
524 2279 733 2370 διηρημένων
754 2281 819 2365 γάρ
842 2290 909 2347 τών
931 2283 1043 2347 τόπων
1066 2283 1113 2360 είς

45 2412 74 2452 1ο
94 2393 209 2472 φωνῆς
245 2386 350 2472 άκοήν
385 2388 418 2453 οἱ
453 2387 767 2472 παραλαμβάνοντες
802 2388 840 2453 τὸ
879 2389 1114 2473 παραγγελθὲν

93 2493 215 2577 ὁμοίως
237 2492 361 2578 έτέροις
383 2494 619 2579 παρεδίδοσαν,
642 2488 699 2560 εἶτ’
722 2492 843 2560 ἐκεῖνοι
866 2493 967 2560 πάλιν
990 2496 1112 2579 άλλοις,

93 2599 155 2677 ἕως
177 2601 224 2678 είς
247 2601 284 2666 τὸ
307 2598 410 2685 τέρμα
431 2607 490 2685 τῆς
512 2603 710 2687 σατραπείας
734 2602 772 2667 τὸ
796 2600 902 2666 δοθὲν
923 2603 1111 2689 παραδοθῇ.

168 2713 243 2773 Τῶν
273 2706 311 2772 δὲ
339 2706 415 2791 περὶ
444 2708 505 2772 τὸν
534 2708 671 2792 Εὐμενῆ
700 2708 755 2773 καὶ
785 2706 979 2793 Πευκέστην
1009 2718 1112 2774 ταῦτα
1124 2709 1164 2774 18

93 2814 312 2880 διοικούντων
344 2813 548 2898 Ἀντίγονος,
589 2811 702 2898 ἐπειδή
743 2814 901 2900 προάγων
935 2817 1015 2897 μετὰ
1053 2821 1112 2900 τῆς

45 2942 74 2984 ιι
93 2920 265 3003 δυνάμεως
286 2916 367 3004 ήκεν
390 2922 438 2997 είς
455 2925 572 2986 Σοῦσα
593 2920 632 2985 τὸ
655 2922 836 3005 βασίλειον,
859 2921 1029 2988 Σέλευκον
1050 2923 1112 3004 μὲν

93 3025 243 3106 ἀπέδειξε
265 3034 323 3111 τῆς
345 3028 455 3113 χώρας
477 3027 649 3113 σατράπην
666 3028 721 3092 καὲ
745 3029 825 3106 δοὺς
843 3029 940 3117 αὐτῷ·
955 3030 1111 3114 στρατιώ-

164 3219 183 3275 4
204 3217 341 3291 Ἀντιγένη
366 3220 440 3276 libri.
518 3220 536 3274 5
557 3218 707 3293 Περσίδος]
731 3218 866 3288 πατρίδος
883 3221 921 3287 R,
945 3237 1014 3276 corr.
1035 3227 1059 3275 1.
1073 3240 1110 3276 m.

94 3292 110 3347 7
124 3288 305 3363 τετυχηκέναι
317 3292 346 3346 F.
409 3292 426 3347 8
441 3292 642 3364 συνεχώρησεν]
658 3290 864 3362 συνεφρόνησεν
877 3292 994 3346 Madv]
1007 3310 1034 3362 p.
1045 3299 1110 3359 5103

94 3379 131 3417 an
150 3360 335 3432 σννενόησενθ
354 3363 437 3418 Dind.
495 3363 530 3418 18
548 3363 746 3433 ἐφειστήκεσαν
764 3364 848 3418 Dind.
904 3363 939 3417 19
957 3364 997 3426 εἰς
1016 3373 1112 3430 φωνῆς

94 3434 196 3506 ἀκοήν]
217 3434 258 3496 είς
276 3435 364 3504 ἀκοῆς
382 3435 480 3505 φωνὴν
499 3434 593 3502 codd.3
617 3451 687 3491 corr.
704 3435 813 3490 Εσὶεὲιε
831 3437 865 3489 εκ
874 3434 972 3488 M.
992 3431 1138 3496 &hm

93 3511 186 3574 41,1;
213 3504 264 3558 XX
289 3511 331 3574 33,
352 3507 386 3576 1).
464 3506 502 3565 20
525 3507 849 3583 μεταλαμβάνοντεςδδ.
927 3502 973 3554 Ὧι
995 3496 1034 3583 τὲ)
1048 3493 1177 3598 ’ῧῦᾓὶ

86 3593 176 3644 MP&
194 3592 231 3630 an
250 3573 282 3634 τδ
301 3578 536 3655 <μετα>δοθὲνῖ
557 3579 808 3657 παραδοθεληῖδ.
868 3575 916 3629 Ἃ
931 3555 1146 3634 mmm&
1178 3584 1187 3594 “

126 3680 253 3726 Diodorus.
271 3687 295 3728 V.
700 3711 718 3753 χ
1008 3673 1033 3719 3
