2460 3848
118 205 183 270 282
485 199 770 255 Diodor.xx75.⁷ss.

119 348 214 425 ξότας
245 347 300 413 καί
338 349 566 431 σφενδονήτας
602 346 658 411 καί
693 347 800 411 πολλδι
836 356 904 410 τῶν
936 342 1139 427 ὀξυβελικῶν

118 457 197 531 τοὺς
224 454 472 539 προσπλέοντας
499 452 536 518 ἐν
563 463 632 530 τοῖς
654 462 832 529 κοντωτοῖς
855 451 1042 517 ἀνέστελλε·
1070 463 1139 518 τῶν

119 558 149 626 δ’
182 561 459 643 αὐτομολούντων
495 560 673 644 συλλαβῶν
709 583 801 637 τινας
837 559 956 636 δεινῶς
990 555 1140 649 ήκίσατο,

119 671 323 751 βουλόμενος
344 665 616 750 καταπλήξασθαι
634 670 713 744 τοὺς
731 677 789 752 τής
807 665 921 748 ὁμοίας
940 664 1042 751 ὁρμῆς
1063 665 1140 730 ἀντ-

84 775 306 860 ιεχομένους.
364 774 420 839 καί
456 774 657 859 προσλαβὼν
688 775 729 838 τὰ
760 780 1034 857 καθυστεροῦντα
1072 783 1140 838 τῶν
1173 795 1185 836 ι

120 893 259 967 σκαφῶν
285 881 534 966 προσέπλευσεν
563 878 618 945 ἐπὶ
646 881 684 946 τὸ
714 880 921 963 καλούμενον
951 880 1140 944 Ψευδόστο-

119 1013 194 1072 μον,
217 991 361 1071 νομίζων
378 987 527 1053 ἐνταῦθα
551 988 761 1072 δυνήσεσθαί
782 1011 875 1065 τινας
896 996 964 1051 τῶν
983 1002 1140 1070 στρατιω-

119 1106 187 1161 τῶν
210 1095 420 1178 ἀποβιβάσαι.
458 1094 566 1180 εὑρὼν
590 1094 628 1159 δὲ
650 1096 734 1180 πρὸς
757 1094 845 1181 αὐτῷ
870 1094 1024 1178 φυλακήν
1049 1094 1141 1177 ἰσχυ-

121 1205 184 1288 ράν
210 1203 266 1268 καὶ
292 1212 363 1280 τοῖς
389 1225 425 1277 τε
453 1199 625 1284 ὀξυβελέσι
652 1201 707 1265 καί
733 1211 804 1277 τοῖς
830 1202 943 1277 ἀλλοις
970 1202 1142 1278 παντοίοις

119 1309 252 1392 βέλεσιν
275 1310 509 1395 ἀνειργόμενος
537 1307 721 1373 ἀπέπλευσε
748 1307 1143 1394 περικαταλαμβανούσης
1161 1330 1188 1369 ιο

84 1434 101 1482 5
120 1419 247 1494 νυκτός.
289 1412 401 1481 έπειτα
423 1417 646 1501 παραγγείλας
668 1424 738 1495 τοῖς
761 1417 979 1500 κυβερνήταις
1002 1414 1142 1480 ἀκολου-

119 1529 198 1588 θεῖν
234 1531 274 1608 ιη’
312 1523 504 1607 στρατηγίδι
540 1522 597 1606 νηί
632 1520 857 1607 προσέχοντας
893 1533 939 1608 τῷ
977 1527 1143 1607 λαμπτῆρι

119 1628 368 1714 προσέπλευσεν
387 1627 442 1694 ἐπί
460 1630 497 1694 τὸ
517 1631 620 1711 στόμα
638 1637 699 1695 τοῦ
717 1632 844 1694 Νείλου
868 1630 906 1694 τὸ
930 1628 1195 1710 καλούμενον461

124 1738 336 1802 Φατνιτικόν·
362 1735 486 1819 ἡμέρας
510 1736 549 1801 δὲ
571 1735 765 1820 γενομένης,
792 1733 906 1820 ἐπειδή
930 1734 1051 1801 πολλαί
1073 1745 1143 1800 τῶν

120 1853 207 1908 νεῶν
239 1842 535 1927 ἀπεπλανήθησαν,
570 1842 767 1928 ἠναγκάσθη
800 1843 921 1919 ταύτας
952 1841 1142 1927 περιμένειν
1162 1861 1188 1903 ιι

120 1950 175 2014 καὶ
207 1951 265 2027 τὰς
293 1949 434 2032 μάλιστα
465 1949 735 2035 ταχυναυτούσας
767 1939 835 2014 τῶν
862 1950 1143 2033 ἠκολουθηκυιῶν

69 2057 110 2122 76
121 2055 371 2134 ἐξαποστέλλειν
389 2055 444 2122 ἐπί
466 2058 528 2141 τήν
545 2057 675 2121 τούτων
698 2059 839 2140 ζήτησιν.
877 2057 993 2141 διόπερ
1016 2057 1141 2142 χρόνου

120 2163 302 2247 γενομένου
330 2165 485 2240 πλείονος
512 2164 545 2228 οἱ
571 2163 633 2245 μὲν
660 2163 736 2248 περὶ
763 2165 823 2229 τὸν
846 2168 1058 2245 Πτολεμαῖον
1080 2183 1143 2228 πυ-

120 2273 261 2352 θόμενοι
297 2272 357 2336 τὸν
392 2270 585 2335 κατάπλουν
620 2280 688 2335 τῶν
725 2271 892 2353 πολεμίων
927 2266 1011 2354 ήκον
1044 2267 1144 2347 ὀξέως

120 2365 347 2461 βοηθήσοντες
370 2376 425 2442 καί
447 2378 509 2460 τήν
532 2364 677 2459 δύναμιν
701 2376 976 2454 διασκευάσαντες
1000 2374 1143 2461 ἔστησαν
1162 2397 1189 2437 ιο

121 2485 209 2568 παρὰ
241 2485 301 2548 τὸν
334 2485 497 2566 αἰγιαλόν·
536 2483 553 2549 ὁ
587 2484 624 2549 δὲ
656 2487 847 2569 Δημήτριος
879 2484 1055 2569 ἀποτυχὼν
1086 2484 1143 2549 καί

120 2590 242 2674 ταύτης
268 2600 326 2673 τής
353 2587 516 2672 ἐκβάσεως
543 2591 599 2656 καλ
626 2593 688 2675 τήν
711 2590 948 2656 συνάπτουσαν
975 2591 1143 2676 παραλίαν

122 2696 253 2761 ἀκούων
272 2696 360 2762 έλεσι
377 2697 433 2762 καί
457 2700 588 2780 λίμναις
611 2698 813 2783 ὠχυρῶσθαι
837 2708 986 2782 φυσικῶς
1009 2695 1143 2762 ἐπαλιν-

85 2803 236 2889 ιδρόμει
279 2804 379 2868 παντί
419 2816 464 2891 τῷ
506 2807 621 2892 στόλῳ.
685 2799 743 2870 εἶτ’
778 2802 979 2886 ἐμπεσόντος
1019 2802 1142 2888 βορέου

122 2916 274 2995 λαμπροῦ
318 2913 374 2976 καί
419 2921 478 2977 τοῦ
524 2912 695 2989 κλύδωνος
741 2912 788 2988 είς
832 2911 918 2991 ύψος
962 2910 1142 2995 αἰρομένου
1162 2929 1188 2971 ιι

192 3068 208 3122 1
229 3068 365 3140 ὀξυβελῶν
384 3069 413 3124 F.
488 3066 634 3131 2κόντοις
651 3069 682 3135 F,
703 3085 771 3123 corr.
792 3075 815 3122 2.
831 3087 867 3123 m.
923 3066 1094 3123 ἀνίστειλλεν
1116 3067 1144 3120 Χ

121 3137 282 3195 ἀνέστελλον
296 3141 327 3204 F,
343 3157 410 3195 corr.
427 3147 451 3194 2.
462 3158 498 3194 m.
549 3140 567 3194 δ
584 3139 781 3210 Ψευδόστομον
796 3141 826 3194 in
839 3157 927 3209 marg.
943 3140 1004 3194 οοδ.
1018 3139 1040 3192 1⁴¹
1056 3144 1080 3192 3.
1091 3157 1142 3206 πως

122 3211 156 3266 cf.
182 3211 272 3266 strab.
297 3211 375 3265 XVII
399 3218 422 3278 1,
439 3217 484 3277 183
508 3211 580 3266 Ptol.
599 3211 638 3264 1v
653 3218 678 3279 ὁ,
693 3218 722 3280 5;
746 3211 873 3280 Droysen
890 3212 946 3264 112
965 3230 993 3281 p.
1010 3215 1060 3265 149
1076 3227 1101 3264 a.
1117 3217 1142 3265 1.

122 3282 290 3337 λέντεῦθεν
308 3282 365 3336 RX.
426 3280 531 3337 8αότὸ
550 3283 580 3337 F.
640 3283 704 3337 δτε
724 3300 777 3337 om.
792 3284 822 3336 F.
880 3283 915 3337 10
933 3279 1093 3352 εἰργόμενος
1111 3282 1142 3336 F.

121 3353 156 3407 13
183 3353 229 3408 ἐπὶ
253 3351 340 3424 στόμα
362 3355 392 3408 F.
474 3354 510 3408 14
538 3352 707 3423 Φαγνιτικὸν
730 3354 781 3408 RX
809 3359 852 3409 Φα
870 3351 985 3421 νητικδν
1008 3353 1043 3419 F3
1072 3370 1142 3409 corr.

112 3425 229 3492 διερός
245 3422 416 3496 Φατμιτικδν
430 3425 444 3479 Ι
458 3431 501 3494 33,
512 3432 541 3492 ⁷3
561 3426 596 3479 cf.
610 3425 730 3480 Mueller
747 3426 783 3479 ad
799 3375 870 3479 Ptol.
887 3424 927 3478 IV
941 3431 965 3491 5,
981 3430 997 3477 5
1017 3426 1053 3494 (p.
1070 3427 1142 3494 681).

98 3494 142 3547 16
151 3495 403 3626 ήκολουθχκότων
418 3498 487 3556 libri
500 3499 548 3573 (cf.
560 3496 642 3554 m
650 3502 717 3564 bost
726 3496 876 3565 03less
888 3495 976 3549 Bekk.
986 3499 1142 3567 monente);

87 3579 161 3619 eom
186 3568 288 3626 Sabae
301 3588 334 3627 er
355 3575 393 3631 ad
414 3571 736 3646 s0h01.Apollon.ss⁴zss.

9 3620 19 3765 l
