2460 3848
68 249 71 255 Ι
97 169 154 235 .40
468 166 581 223 Diodor.
591 166 656 222 XIX
670 173 712 223 22.
723 174 766 224 23.

110 311 231 396 μένους
261 311 321 398 ὑφ’
346 312 422 391 ένὸς
458 322 518 379 τοῦ
549 316 719 398 μεγίστου·
764 308 850 381 εἶναι
882 296 922 381 δέ
951 314 1158 400 συνέβαινε

109 427 170 486 τοῦ
196 420 258 503 μὲν
285 419 377 499 έκτὸς
404 422 466 506 τῆν
493 423 690 506 περίμετρον
714 420 794 486 δέκα
816 422 972 507 σταδίων,
1000 422 1044 507 ἣν
1072 422 1131 489 άν-

110 531 278 614 επλῆρουν
300 528 391 594 οἵτε
413 529 620 615 μισθοφόροι
642 527 698 620 καὶ
720 529 901 613 συμμάχων
923 530 961 595 τὸ
989 535 1131 616 πλῆθος,

109 643 169 700 τοῦ
197 634 235 700 δὲ
262 633 421 720 δευτέρον
450 635 594 700 σταδίων
622 634 722 719 ὀκτώ,
749 631 828 701 καθ’
850 633 892 700 δν
918 634 1070 723 ὑπῆρχον
1097 637 1134 703 οἳ

109 764 144 807 τε
167 740 412 826 ἀργυράσπιδες
435 742 631 818 Μακεδόνες
656 741 713 807 καί
739 753 807 808 τῶν
832 739 974 828 ἑταίρων
997 744 1030 809 ολ
1056 741 1126 827 μετ’
1163 767 1176 806 ε

106 844 325 934 Ἀλεξάνδρου
344 849 618 936 στρατεύσαντες,
640 857 701 915 τοῦ
724 845 756 913 δ’
774 847 847 934 ἑξῆς
871 852 932 933 τῆν
945 849 1016 932 ,μέν
1039 870 1132 937 περι-

110 953 247 1040 φέρειαν
270 958 416 1022 σταδίων
438 955 619 1042 τεσσάρων,
648 957 709 1022 τὸν
732 956 770 1022 δέ
791 958 897 1021 τόπον
919 954 1131 1043 ἀναπληροῦ-

109 1068 192 1127 σθαι
222 1061 465 1146 κατακειμένων
482 1072 565 1151 τῶν
596 1085 631 1128 τε
663 1061 830 1148 δευτέρων
865 1063 1039 1148 ἡγεμόνων
1074 1064 1131 1131 καί

108 1179 176 1235 τῶν
203 1165 264 1247 ἔξω
290 1168 412 1248 τάξεως
438 1168 521 1254 [καὶ]
550 1171 660 1254 φίλων
686 1170 743 1237 καί
768 1180 961 1256 στρατηγῶν
983 1170 1131 1237 καὶτῶν

111 1275 248 1342 ἱππέων·
278 1284 338 1342 τοῦ
368 1275 399 1341 δ’
423 1274 478 1359 έπί
505 1284 617 1360 πᾶσιν,
647 1277 744 1354 όντος
771 1278 867 1343 δυεῖν
894 1278 1051 1362 σταδίων,
1080 1278 1131 1342 δι·
1149 1301 1176 1341 ιο

109 1386 302 1468 ειλῆφεισαν
334 1384 392 1461 τάς
422 1384 551 1460 κλισίας
583 1385 619 1450 οἵ
647 1407 683 1451 τε
715 1384 894 1470 στρατηγοί
924 1384 980 1450 καὶ
1012 1385 1045 1450 ολ
1071 1385 1131 1462 τάς

111 1491 287 1577 ἱππαρχίας
319 1487 465 1575 ἔχοντες,
499 1486 547 1555 ἔτι
579 1490 617 1557 δέ
647 1502 716 1557 τῶν
748 1495 892 1577 Περσῶν
924 1491 958 1557 οί
988 1490 1130 1574 μάλιστα

74 1615 89 1664 3
108 1597 294 1680 τιμώμενοι.
339 1595 377 1662 έν
404 1595 492 1689 μέσρο
519 1597 558 1663 δέ
582 1598 711 1664 τούτων
733 1597 885 1684 ὑπῆρχον
907 1597 1015 1681 βωμοὶ
1036 1605 1129 1665 θεῶν

108 1704 163 1770 καὶ
183 1700 402 1789 Ἀλεξάνδρου
429 1704 484 1769 καί
511 1706 688 1771 Φιλίππου.
739 1705 794 1771 καὶ
823 1705 881 1782 τάς
907 1703 969 1788 μέν
995 1707 1183 1782 κλισίαςεεε

109 1809 308 1893 συνέβαινεν
330 1808 367 1875 έκ
389 1810 560 1895 φυλλάδος
582 1811 861 1896 κατεσκευάσθαι,
883 1811 1131 1895 κεκαλυμμένας
1149 1834 1175 1876 ιε

109 1917 261 1994 αὐλαίαις
289 1917 345 1983 καὶ
374 1918 599 1996 παντοδαποῖς
630 1919 890 2005 περιστρώμασι,
921 1919 1130 2005 χορηγούσης

108 2032 166 2109 τῆς
184 2025 351 2111 Περσίδος
369 2025 492 2111 δαψιλῆ
516 2024 624 2090 πάντα
645 2026 687 2090 τά
709 2025 792 2111 πρὸς
815 2025 948 2111 τρυφὴν
970 2025 1026 2091 καὶ
1049 2024 1131 2092 άπό·

109 2135 239 2215 λαυσιν,
266 2130 472 2216 διεστηκέναι
498 2132 535 2199 δέ
557 2133 636 2209 τοὺς
658 2132 802 2208 κύκλους
825 2128 880 2197 ἀπ’
899 2131 1051 2216 άλλῆλων
1074 2129 1130 2199 ἐπὶ

108 2246 269 2304 τοσοῦτον
292 2238 375 2304 ὥστε
397 2238 502 2324 μηδὲν
524 2239 586 2321 μὲν
608 2243 888 2325 παρενοχλεῖσθαι
911 2241 990 2315 τοὺς
1016 2235 1130 2304 έστιω-

56 2344 245 2429 23μένους,
267 2347 410 2431 πλησίον
433 2344 464 2410 δ’
482 2339 568 2410 εἶναι
590 2345 698 2423 πάσας
715 2346 773 2423 τάς
791 2347 1009 2432 παρασκευάς.
1046 2346 1130 2413 πάν·
1149 2370 1176 2411 εο

108 2476 176 2517 των
203 2451 240 2517 δὲ
267 2453 349 2518 κατά
375 2453 502 2538 τρόπον
524 2451 803 2536 ὑπηρετουμένων
825 2451 1061 2538 ἐπεσημαίνετο
1091 2455 1129 2519 τὸ

107 2564 238 2644 πλῆθος
267 2560 329 2643 τῆν
356 2566 418 2624 τοῦ
448 2556 641 2624 Πευκέστου
671 2560 866 2644 προθυμίαν
897 2560 953 2626 καὶ
983 2562 1129 2647 φανερὸς

107 2662 151 2750 ῆν
173 2664 379 2743 ἐπιδεδωκὼς
402 2667 488 2731 πολὺ
506 2666 595 2751 ’πρὸς
617 2665 762 2731 εὑνοιαν.
800 2664 880 2751 άδῆ
899 2672 1041 2753 θεωρῶν
1059 2668 1130 2734 Εὐ-

107 2774 208 2858 μενὴς
230 2772 286 2839 καὶ
309 2774 582 2856 συλλογιζόμενος
600 2773 660 2837 τὸν
679 2772 873 2858 Πευκέστην
891 2774 1130 2841 πολιτεύεσθαι

107 2882 190 2966 πρὸς
213 2881 260 2949 τὸ,
274 2884 405 2963 πλῆθος
427 2887 483 2964 τῆς
506 2881 704 2965 στρατηγίας
727 2879 939 2966 ὀρεγόμενον,
963 2879 1128 2948 ἐπλάσατο
1149 2904 1175 2946 ει

107 2988 243 3067 ψευδεῖς
265 2985 453 3070 ἐπιστολάς,
479 2986 534 3052 διὰ
557 2986 595 3053 δέ
617 2986 745 3052 τούτων
768 2987 846 3065 τούς
869 3010 904 3052 τε
928 2988 1129 3073 στρατιώτας

179 3178 197 3234 2
220 3180 286 3242 τοὺς
309 3178 360 3250 μὲν
385 3175 464 3242 έκτδς
481 3181 511 3233 F.
567 3177 601 3248 ἣν
627 3179 814 3252 ἀνεπλήρουν]
840 3180 1015 3251 ἀνεπλήρουν
1041 3181 1073 3236 δὲ
1096 3183 1128 3238 F.

107 3251 125 3306 5
143 3245 245 3318 ἑτέρων
263 3250 296 3306 Χ.
357 3250 375 3305 6
393 3252 457 3314 τοὺς
476 3249 503 3306 δ’
520 3250 582 3320 ἑξῆς
600 3252 630 3305 F.
694 3251 712 3305 9
731 3251 803 3323 [καί]
824 3252 877 3305 del.
892 3252 1013 3306 Madv.1
1031 3270 1059 3321 p.
1074 3259 1128 3308 510

108 3321 153 3390 (of.
172 3321 300 3391 Dsoysen
317 3321 473 3377 Hell.11¹1
493 3341 520 3392 p.
535 3325 606 3392 272).
685 3323 721 3378 10
740 3320 821 3385 ὄντος
839 3319 918 3385 έντδς
937 3326 1018 3379 δυοῖν
1037 3341 1076 3380 στ.
1095 3325 1126 3381 F.

108 3391 287 3463 διειλῆφεσαν
304 3393 388 3448 Dind.
457 3394 491 3448 ll
510 3395 624 3457 καὶτὰς
643 3392 797 3465 ἱππαρχίας
815 3394 846 3449 F.
916 3395 951 3449 19
969 3395 1057 3465 μηδὲν
1075 3396 1127 3464 μέν

93 3481 206 3527 παρενν
221 3467 339 3520 ίεῖσθαι
357 3466 424 3530 τούς
441 3462 636 3540 ἑστιωμένους]
658 3464 764 3536 μηδένα
783 3465 921 3535 έμπαρενο
940 3468 1053 3522 λεῖοθαι
1070 3477 1127 3523 τῶν

76 3484 304 3597 ἑστιωμέάωνίῖ
344 3537 385 3594 22
397 3536 531 3612 φανερὸν
545 3533 583 3612 ἦν
599 3534 848 3602 ἐπιδεδωκὺςῖιῖ.
881 3487 1135 3594 θῖεδπλάεεατοὺ.
