2460 3848
452 187 494 244 01.
505 193 566 255 ιιι,
577 194 605 243 1:
625 193 678 243 ειν
693 204 718 242 a.
729 187 792 242 σοι.
1065 191 1128 256 133

111 332 384 419 προτεταγμένων
417 332 554 416 ἱππέων,
590 331 629 399 έν
660 325 712 410 οἷς
743 335 830 398 πολὺ
862 333 1065 420 προετέρουν
1097 334 1130 400 ol

110 442 186 527 περὶ
213 442 273 507 τὸν
295 442 498 526 Δημήτριον.
543 437 612 523 μετ’
635 441 752 525 ὀλίγον
779 439 817 506 δὲ
843 450 911 506 τῶν
937 440 1014 528 περί
1041 445 1164 506 Πτο-4

110 554 246 631 λεμαλον
272 547 330 614 καὶ
350 546 521 613 Σέλευκον
548 547 858 634 περιιππευσάντων
885 548 923 612 τὸ
950 547 1048 634 κέρας
1075 548 1130 613 καί

109 656 298 739 βιαιότερον
328 653 576 740 ἐπενεχθέντων
604 654 725 741 ὀρθαῖς
752 664 825 731 ταῖς
854 653 957 733 είλαις
986 652 1129 739 συνέστη

77 763 250 848 εκαρτερά
270 761 356 847 μάχη
378 761 434 827 διά
457 763 515 839 τάς
537 760 701 847 ἑκατέρων
724 764 923 847 προθυμίας.
963 762 1046 828 κατὰ
1067 761 1164 845 μένε

109 863 172 933 οὖν
205 870 265 953 τήν
296 869 432 955 πρώτην
464 865 590 954 ἔφοδον
621 879 692 947 τοῖς
724 868 856 947 ξυστοῖς
888 867 1129 953 ἀγωνισάμενοι

108 975 237 1040 τούτων
266 997 301 1040 τε
331 977 371 1040 τά
398 980 536 1041 πλεῖστα
563 975 768 1063 συνέτριψαν
795 975 851 1042 καί
877 985 945 1041 τῶν
973 971 1096 1060 ἀγωνιζ
1114 1013 1129 1023 -

108 1081 219 1164 μένων
255 1081 317 1147 οὐκ
354 1081 488 1167 ὀλίγους
523 1083 838 1169 κατετραυμάτισαν·
875 1083 958 1148 κατά
994 1081 1032 1148 δὲ
1067 1084 1129 1167 τήν

109 1187 269 1273 δευτέραν
292 1185 510 1276 ἀναστροφήν
533 1192 580 1268 είς
606 1193 668 1276 τήν
694 1187 759 1255 ἀπὸ
787 1198 847 1254 τοῦ
875 1186 994 1274 ξίφους
1020 1189 1129 1275 μάχην
1165 1250 1167 1254 ,

64 1317 90 1357 ιο
108 1295 266 1382 ὥρμησαν
278 1295 334 1362 καί
354 1280 617 1380 συμπλεκόμενοι
635 1298 780 1372 πολλοὺς
797 1292 950 1380 ἀλλήλων
967 1292 1128 1386 ἀνήρουν,

108 1403 144 1469 οί
162 1425 198 1467 τε
219 1403 380 1488 ἡγεμόνες
403 1404 499 1470 αὐτοὶ
521 1404 586 1488 πρὸ
610 1403 745 1469 πάντων
767 1403 1023 1480 κινδυνεύοντες
1047 1424 1128 1488 προ-

107 1508 284 1596 ετρέποντο
316 1513 395 1588 τοὺς
425 1510 712 1595 ὑποτεταγμένους
744 1510 917 1595 εὐρώστως
948 1508 1129 1592 ὑπομένειν

106 1618 143 1682 τὸ
167 1617 292 1701 δεινόν,
316 1617 352 1682 οἵ
370 1616 399 1682 τ’
416 1615 471 1683 ἐπὶ
493 1627 561 1683 τῶν
579 1618 727 1703 κεράτων
748 1618 871 1702 ἱππεῖς,
895 1618 1037 1695 ἀπαντες
1059 1615 1129 1682 έπι-

107 1722 298 1808 λελεγμένοι
333 1720 404 1789 κατ’
437 1724 568 1811 ἀρετήν,
607 1725 794 1810 ἡμιλλῶντο
833 1725 917 1810 πρὸς
953 1726 1128 1809 ἀλλήλους,

61 1850 88 1891 ιι
105 1831 230 1908 θεατάς
258 1828 390 1916 ἔχοντες
419 1842 476 1915 τής
506 1829 663 1917 ἀνδρείας
692 1833 772 1908 τοὺς
801 1830 1129 1916 συναγωνιζομένους

46 1976 50 1981 ·
106 1938 318 2022 στρατηγούς.
374 1935 429 2003 ἐπὶ
460 1941 570 2004 πολὺν
601 1939 639 2004 δὲ
670 1940 794 2024 χρόνον
830 1943 890 2022 τῆς
928 1939 1126 2023 ἱππομαχίας
1136 1935 1180 2002 84

106 2045 209 2130 οάσης
240 2043 425 2129 ἐφαμίλλου
457 2047 508 2112 τά
529 2047 635 2131 θηρία
664 2046 721 2111 διά
750 2056 818 2111 τῶν
844 2040 962 2111 Ἰνδῶν
991 2047 1039 2122 είς
1067 2046 1128 2111 τὸν

106 2151 220 2236 ἀγῶνα
247 2151 508 2239 παρορμηθέντα
534 2151 629 2239 μέχρι
655 2151 718 2235 μέν
742 2174 834 2228 τινος
860 2157 1007 2237 προῆγεν
1030 2174 1128 2216 κατα-

105 2264 304 2344 πληκτικῶς,
331 2259 376 2336 ὡς
399 2258 538 2337 οὐδενὸς
560 2257 847 2344 ὑποστησομένου·
875 2258 920 2335 ὡς
942 2256 972 2322 δ’
991 2255 1045 2323 ἐπὶ
1067 2258 1127 2323 τὸν

59 2389 86 2430 ιο
105 2363 373 2452 σεσιδηρωμένον
395 2365 523 2451 χάρακα
545 2370 742 2452 κατήντησε,
764 2367 802 2432 τὸ
826 2365 887 2448 μέν
905 2369 1038 2449 πλῆθος
1060 2375 1127 2430 τῶν

105 2469 312 2539 ἀκοντιστῶν
350 2472 406 2538 καί
446 2470 593 2550 τοξοτῶν
628 2484 775 2559 συνεχῶς
815 2474 1011 2556 βαλλόντων
1051 2496 1128 2539 κατ-

104 2583 280 2667 ετίτρωσκε
311 2581 351 2644 τά
384 2580 517 2663 σώματα
549 2591 617 2645 τῶν
648 2579 840 2665 ἐλεφάντων
872 2579 928 2646 καί
959 2582 1038 2657 τοὺς
1072 2572 1124 2646 ἐπ’

105 2687 219 2764 αὐτοῖς
249 2686 507 2771 ἀναβεβηκότας·
537 2687 741 2770 βιαζομένων
768 2686 806 2753 δὲ
834 2696 903 2752 τῶν
926 2683 1044 2752 Ἰνδῶν
1071 2686 1160 2756 καίκ

103 2795 312 2873 κολαζόντων
339 2795 379 2859 τά
406 2796 512 2880 θηρία
540 2795 616 2859 τινά
644 2793 706 2876 μὲν
736 2793 848 2859 αὐτῶν
877 2796 1125 2880 περιεπείροντο

58 2924 84 2965 ιε
104 2912 149 2991 τῷ
170 2899 446 2986 φιλοτεχνηθέντι
464 2899 583 2986 χάρακι
601 2901 656 2965 καί
674 2909 746 2978 ταίς
764 2905 905 2985 πληγαλς
925 2900 980 2967 καί
1003 2901 1127 2966 πυκνό-
1222 2946 1226 2958 .

104 3025 180 3094 τησι
211 3018 278 3074 τῶν
312 3009 563 3094 τιτρωσκόντων
599 2994 790 3094 περιώδυνα
826 3010 985 3092 γινόμενα
1021 3005 1126 3072 έποίει

175 3198 379 3270 Ῑέπροτέρουν
397 3200 487 3257 Wess.
551 3197 682 3272 4βίαιον
700 3201 731 3267 F,
751 3218 820 3256 corr.
840 3207 864 3255 λ.
879 3218 916 3254 m.
953 3196 1095 3270 ἐπανεχθέ
1113 3231 1125 3241 -

103 3293 159 3328 των
176 3272 208 3328 F.
245 3281 307 3336 ταῖς
326 3289 379 3327 om.
393 3273 424 3327 F.
462 3271 550 3335 λλλαις
567 3271 618 3326 RX
637 3271 710 3335 ἴλαις
727 3273 756 3327 F.
823 3271 1041 3342 θάναστροφήν
1060 3270 1126 3325 libri

104 3360 203 3471 ἷφοφὲ
215 3345 259 3415 (cf.
274 3343 334 3402 Pol.
347 3343 373 3396 X
386 3349 428 3411 28,
439 3348 479 3414 1);
494 3343 665 3471 έφιστροφήιίι
680 3344 742 3399 edd.
774 3343 934 3471 ¹logtonol
949 3343 1081 3412 ἀλλήλους
1094 3343 1129 3458 δὲ

103 3457 221 3541 λι
234 3411 823 3555 222'2323550221250130affl.
848 3410 1171 3538 τε

102 3557 150 3611 καί
167 3555 343 3627 πυκνότητας
359 3558 389 3615 Ρ.
