2460 3848
105 558 401 643 ΔΙΟΔΩΡΟΤ
423 557 787 642 ΣΙΚΕΛΙΩΤΟΤ
809 557 1089 642 ΙΣΤΟΡΙΩΝ

33 773 85 821 εει
193 737 411 821 ΒΙΒΛΟΣ
434 736 996 820 ΕΝΝΕΑΚΑΙΔΕΚΑΤΗ.

158 1095 307 1169 Παλαιός
346 1116 394 1169 τις
431 1091 654 1178 παραδέδοται
689 1093 787 1176 λόγος
824 1092 875 1158 δτι
910 1094 968 1170 τάς
1005 1094 1141 1178 δημο-1

86 1203 220 1287 κρατίας
243 1200 305 1285 ούχ
328 1200 362 1264 ολ
384 1200 538 1284 τυχόντες
561 1211 629 1267 τῶν
654 1198 856 1284 ἀνθρώπων,
884 1197 956 1265 ἀλλ’
974 1201 1008 1265 οί
1033 1211 1105 1277 ταῖς

86 1308 264 1392 ὑπεροχαῖς
281 1305 480 1392 προέχοντες
497 1305 708 1370 καταλύουσι.
745 1306 797 1371 διὸ
816 1305 872 1371 καί
889 1317 957 1372 τῶν
974 1309 1105 1373 πόλεων

86 1412 173 1481 έυιαι
194 1416 273 1490 τοὺς
297 1413 472 1498 ἰσχύοντας
494 1412 635 1495 μάλιστα
654 1423 722 1478 τῶν
740 1413 1005 1496 πολιτευομένων
1022 1413 1104 1480 ὑπο-

55 1522 268 1587 ιπτεύουσαι
294 1527 519 1606 καθαιροῦσιν
545 1519 657 1585 αὐτῶν
683 1521 741 1596 τάς
773 1518 975 1605 ἐπιφανείας.
1025 1522 1138 1586 σύνε

86 1652 186 1714 εγγυς
217 1629 281 1712 γάρ
312 1628 333 1712 η
365 1627 542 1710 μετάβασις
574 1620 660 1692 εἶναι
692 1627 784 1692 δοκεῖ
809 1637 878 1704 τοῖς
907 1626 944 1693 ἐν
971 1625 1105 1717 ἐξουσίᾳ

85 1735 246 1819 μένουσιν
282 1733 336 1800 ἐπλ
376 1734 438 1818 την
473 1742 530 1817 της
571 1734 730 1817 πατρίδος
765 1735 1015 1800 καταδούλωσιν
1050 1737 1105 1801 καλ

86 1842 244 1928 δυσχερὲς
267 1839 474 1926 ἀποσχέσθαι
496 1842 677 1926 μοναρχίας
698 1850 768 1918 τοῖς
792 1837 835 1905 δι’
857 1841 1026 1928 ὑπεροχὴν
1048 1844 1105 1919 τὰς

85 1958 145 2015 τοῦ
168 1952 346 2035 κρατήσειν
368 1946 503 2024 ἐλπίδας
525 1946 846 2032 περιπεποιημένοις·
870 1945 1019 2033 ἐμφυτον
1041 1950 1105 2035 γάρ
1123 1966 1139 2016 3

41 2078 69 2118 ω
86 2049 172 2122 εἶναι
194 2057 232 2121 τὸ
253 2061 464 2120 πλεονεκτεῖν
481 2063 551 2130 τοῖς
568 2055 728 2136 μειζόνων
747 2053 957 2140 ὀρεγομένοις
975 2056 1030 2120 καλ
1047 2057 1106 2132 τὰς

86 2162 266 2245 ἐπιθυμίας
295 2158 383 2247 ἔχειν
413 2160 676 2246 ἀτερματίστους.
726 2170 907 2247 τοαγαρούν
931 2157 1106 2246 Ἀθηναῖοι

85 2269 147 2352 μὲν
184 2269 239 2334 διά
275 2269 396 2345 ταύτας
431 2269 489 2346 τὰς
526 2269 632 2346 αἰτίας
667 2270 746 2344 τοὺς
777 2269 1007 2354 πρωτεύοντας
1038 2279 1106 2334 τῶν

86 2381 232 2441 πολιτῶν
255 2373 501 2460 ἐφυγάδευσαν,
527 2376 587 2440 τὸν
610 2377 791 2460 λεγόμενον
817 2372 895 2460 παρ’
918 2375 1031 2452 αὐτοῖς
1056 2373 1106 2454 ἐξ·

87 2483 309 2568 οστρακισμὸν
331 2485 625 2567 νομοθετήσαντες.
669 2483 726 2547 καλ
748 2481 837 2548 τοῦτ’
857 2479 1020 2568 ἔπραττον
1045 2482 1105 2568 οὐχ

41 2609 68 2652 ιι
87 2591 143 2655 ἴνα
165 2601 233 2655 τῶν
250 2586 545 2674 προγεγενημένων
564 2588 773 2673 ἀδικημάτων
792 2588 917 2672 λάβωσι
935 2592 1106 2676 τιμωρίαν,

87 2692 158 2762 ἀλλ’
186 2697 274 2774 ὅπως
310 2704 381 2772 τοῖς
417 2694 615 2778 δυναμένοις
651 2706 857 2780 παρανομεῖν
893 2693 1026 2774 ἐξουσία
1061 2698 1105 2782 μη

86 2802 221 2887 γένηται
247 2804 329 2868 κατά
357 2812 414 2887 τῆς
441 2803 600 2888 πατρίδος
627 2800 827 2889 ἐξαμαρτεῖν.
872 2812 930 2887 τῆς
952 2805 1016 2889 γὰρ
1039 2805 1141 2869 Σό·4

86 2915 192 2988 λωνος
221 2919 335 2995 φωνῆς
363 2908 472 2994 ὥσπερ
499 2918 648 2994 χρησμοῦ
681 2933 772 2986 τινος
799 2907 1036 2994 ἐμνημόνευον,
1068 2909 1106 2977 ἐν

87 3008 137 3095 οἷς
157 3018 234 3102 περὶ
253 3026 312 3101 της
329 3016 573 3101 Πεισιστράτου
592 3017 791 3102 τυραννίδος
814 3015 987 3102 προλέγων
1005 3014 1105 3102 ἔθηκε

41 3144 69 3184 ιο
85 3125 163 3190 τόδε
185 3125 223 3188 τὸ
246 3122 393 3208 ἐλεγεῖον

157 3264 240 3318 inser.
256 3259 299 3318 ιθ’
312 3265 350 3331 R3
365 3265 513 3332 Διοδώρου
528 3264 695 3319 Σικελιώτου
709 3263 838 3332 ἱστοριῶν
853 3260 896 3318 ιθ’
909 3265 940 3317 F.
990 3263 1007 3318 8
1021 3265 1106 3328 vmq-

86 3335 167 3407 0λδλ]
189 3335 346 3406 &mmm
364 3335 395 3402 F,
414 3352 483 3390 corr.
504 3342 526 3389 2.
543 3353 579 3390 m.
652 3335 670 3391 8
693 3332 989 3406 περιπεποιημλναιὴ
1003 3347 1149 3436 τουτουὶ

86 3403 180 3476 μένον
203 3406 233 3461 F·
306 3407 343 3462 1⁰
366 3415 426 3472 τοτε
465 3417 523 3466 ωε
548 3409 584 3481 ε,
609 3426 684 3468 eon.
706 3415 738 3466 ι.
752 3425 798 3462 m.
868 3404 915 3458 xx
934 3401 1060 3468 εηεεεω
1079 3393 1119 3438 z„
1151 3423 1158 3432 .

78 3476 118 3530 12
132 3477 249 3550 ταύτας]
266 3481 402 3546 τοιαύτας
447 3528 452 3540 ,
