2460 3848
118 199 161 264 92
478 196 592 250 Diodor.
602 193 666 249 XIX
680 200 722 249 57.
733 200 776 250 58.

83 339 312 425 4Ἀγησίλαον
343 341 404 422 μὲν
436 334 499 405 οὖν
530 342 613 424 πρὸς
645 343 724 417 τοὺς
755 338 792 405 ἐν
820 340 948 426 Κύπρφ
980 343 1138 422 βασιλεῖς,

119 450 166 525 είς
189 448 227 513 δὲ
245 445 359 513 Ῥόδον
378 444 544 530 Ἰδομενέα
567 448 622 513 καί
645 449 844 531 Μοσχίωνα,
867 451 1078 529 Πτολεμαῖον
1100 447 1139 512 δὲ

119 557 178 621 τὸν
205 554 411 638 ἀδελφιδοῦν
438 557 518 637 μετδι
544 554 716 637 δυνάμεως
740 554 787 631 είς
810 553 1054 620 Καππαδοκίαν
1078 553 1139 618 άπ-

120 661 275 744 έστειλεν,
305 661 361 726 ἵνα
391 662 475 751 λύσῃ
502 662 563 744 μὲν
589 661 744 744 Ἀμισσοῦ
771 662 833 745 τήν
860 663 1055 743 πολιορκίαν
1083 662 1139 726 καί

119 770 198 845 τοὺς
228 768 294 833 ὑπὸ
327 767 530 853 Κασάνδρου
564 767 779 854 πεμφθέντας
815 768 862 845 είς
894 767 1139 833 Καππαδοκίαν
1171 794 1182 831 ι

120 874 242 965 ἐκβάλῃ
268 875 409 959 πάντας,
436 877 520 957 πρὸς
547 876 585 941 δὲ
607 876 738 950 τούτοις
760 873 849 951 ὅπως
871 877 1140 958 παραγενόμενος

120 983 167 1059 είς
190 979 437 1066 Ἑλλήσποντον
464 981 628 1072 ἐφεδρεύῃ
655 991 725 1058 τοῖς
752 980 828 1065 περὶ
854 981 1068 1066 Κάσανδρον,
1097 981 1140 1047 άν

84 1106 100 1154 ο
120 1086 266 1174 ἐπιχειρῇ
289 1090 475 1172 διαβαίνειν
498 1087 535 1155 ἐκ
557 1098 615 1173 τής
633 1087 808 1172 Εὐρώπης.
840 1086 1079 1174 Ἀριστόδημον
1102 1089 1140 1155 δέ

119 1197 178 1261 τὸν
214 1199 385 1280 Μιλήσιον
422 1198 469 1272 είς
505 1197 768 1278 Πελοπόννησον
805 1191 985 1277 ἐξέπεμψεν
1021 1193 1140 1279 έχοντα

119 1305 208 1387 χίλια
225 1303 382 1368 τάλαντα·
401 1304 507 1390 τούτφ
527 1302 564 1367 δὲ
583 1299 797 1367 συνετέτακτο
814 1300 1006 1367 συνθέσθαι
1023 1304 1140 1386 φιλίαν
1159 1329 1184 1369 ιο

120 1412 203 1496 πρὸς
216 1407 433 1496 Ἀλέξανδρον
451 1410 506 1474 καί
523 1407 785 1493 Πολυπέρχοντα
803 1408 858 1473 καί
877 1406 1141 1493 ξενολογήσαντα

120 1519 198 1594 τοὺς
223 1519 357 1594 ἱκανοὺς
380 1518 593 1599 διαπολεμεῖν
614 1515 811 1602 Κασάνδρφ.
849 1515 948 1592 αὐτὸς
969 1516 1006 1581 δέ
1029 1525 1140 1583 πᾶσαν

120 1625 181 1706 τήν
201 1623 324 1707 Ἀσίαν,
346 1619 386 1706 ἧς
402 1619 446 1706 ἦν
463 1623 593 1706 κύριος,
616 1622 749 1705 διέλαβε
767 1632 908 1708 πυρσοῖς
926 1623 981 1687 καί
1001 1626 1141 1706 βυβλια-

122 1731 250 1812 φόροις,
274 1729 317 1793 δι’
335 1724 382 1794 ὧν
406 1728 506 1806 ὀξέως
526 1731 668 1813 ήμελλεν
690 1728 930 1813 ὑπηρετεῖσθαι
951 1730 1068 1795 πάντα.

67 1835 109 1900 58
189 1831 268 1900 Ἀπὸ
293 1836 330 1901 δὲ
352 1837 480 1901 τούτων
503 1838 682 1920 γενόμενος
703 1834 873 1914 ἀνέζευξεν
891 1834 946 1902 ἐπί
968 1839 1141 1923 Φοινίκην,
1160 1863 1185 1902 ιο

121 1942 276 2008 σπεύδων
308 1946 468 2028 ναυτικήν
500 1944 644 2026 δύναμιν
681 1946 924 2027 συστήσασθαι·
962 1943 1140 2027 συνέβαινε

121 2052 184 2135 γάρ
216 2055 295 2128 τοὺς
326 2050 387 2133 μὲν
420 2053 598 2133 πολεμίους
629 2053 702 2115 τότε
734 2055 1021 2135 θαλασσοκρατεῖν
1057 2063 1141 2131 ναῦς

120 2160 244 2235 πολλάς
276 2155 426 2243 ἔχοντας,
463 2158 552 2243 αύτῷ
585 2157 623 2222 δὲ
653 2158 691 2222 τὸ
728 2156 884 2240 παράπαν
922 2154 994 2223 οὐδ’
1027 2158 1141 2243 ὀλίγας

121 2260 215 2331 εἶναι.
262 2265 544 2346 στρατοπεδεύσας
572 2264 610 2329 δὲ
637 2262 674 2329 ἐν
702 2264 797 2350 Τύρφ
821 2273 878 2347 τής
905 2267 1062 2349 Φοινίκης
1084 2268 1141 2332 καί

120 2363 342 2456 πολιορκῆσαι
356 2371 594 2452 διανοούμενος
611 2371 674 2453 τήν
694 2371 805 2453 Τύρον
823 2371 1042 2453 μετεπέμπετο
1061 2376 1142 2449 τούς
1160 2396 1186 2435 ιο

121 2482 268 2561 βασιλεῖς
290 2489 358 2543 τῶν
379 2479 547 2543 Φοινίκων
570 2477 625 2541 καί
643 2479 722 2553 τοὺς
739 2477 910 2564 ὑπάρχους
927 2488 985 2561 τῆς
1003 2482 1140 2561 Συρίας.

85 2598 100 2646 2
120 2586 175 2650 καί
194 2586 272 2661 τοὺς
289 2584 350 2666 μὲν
364 2588 511 2667 βασιλεῖς
524 2582 748 2669 προετρέψατο
764 2586 1047 2668 συνεπιλαβέσθαι
1060 2611 1141 2652 ναυ-

192 2777 208 2831 1
235 2773 286 2831 ούν
312 2794 365 2831 om.
387 2777 445 2831 RX.
522 2777 540 2832 2
563 2779 750 2850 Πτολεμαῖον]
775 2778 817 2832 ita
842 2777 908 2832 libri
933 2795 1043 2847 semper
1071 2782 1139 2848 (exc.

120 2847 183 2902 XIX
203 2853 245 2913 77,
260 2854 289 2914 23
315 2853 388 2913 78‚3
414 2849 464 2903 ubi
489 2847 653 2919 Πολέμωνα)
686 2866 738 2905 nec
766 2867 821 2904 non
848 2849 921 2903 Plut.
945 2851 1025 2904 Eum.
1050 2856 1083 2904 10
1113 2853 1141 2905 οῖ

120 2921 253 2975 Memnon
283 2919 374 2974 ΚΗΘ.
398 2920 437 2974 III
463 2940 490 2989 p.
508 2927 573 2987 ⁶303
606 2921 710 2975 rectius
744 2924 904 2990 Πολεμαῑον
936 2924 969 2975 ut
995 2939 1030 2976 ex
1057 2922 1140 2976 inser.

122 2991 179 3061 (οό
188 2992 214 3044 Α
235 2990 347 3051 11266)
381 2991 530 3059 οτὶοοίῖοτς
568 2991 602 3046 cf.
631 2993 735 3046 Beloeh
763 2992 781 3047 l.
800 2992 818 3046 l.
846 2992 885 3045 HI
909 2998 923 3046 1
952 3011 979 3062 p.
1004 2999 1054 3047 127
1074 3009 1100 3047 a.
1116 3001 1141 3048 4.

120 3063 139 3118 4
160 3064 284 3132 Ἀμισσοῦ
307 3062 358 3116 RX
383 3062 463 3131 (item
487 3063 551 3117 XIX
574 3069 617 3130 60,
632 3070 661 3130 23
688 3063 722 3118 cI.
746 3064 958 3131 Ριο1.ῖι,ε);
982 3063 1092 3133 Ἀμίσον
1110 3065 1140 3118 Ρ.

120 3135 139 3188 ό
157 3134 327 3203 Κασάνδρου
346 3135 426 3189 codd.
442 3151 550 3199 omnes;
569 3153 594 3188 v.
610 3151 695 3203 supra
714 3135 750 3189 ad
769 3153 796 3204 p.
813 3141 844 3189 91
860 3153 884 3188 v.
900 3140 924 3189 6.
984 3135 1140 3229 δπάντας]

121 3205 233 3268 πάντως
259 3205 348 3260 Hertl.
371 3205 410 3258 ΠΙ
432 3223 459 3275 p.
476 3211 509 3259 39
537 3223 594 3260 non
621 3206 695 3260 male
723 3206 769 3277 (cf.
795 3205 858 3259 XIX
883 3212 925 3272 93,
940 3210 975 3275 2).
1050 3208 1064 3261 7
1091 3207 1128 3276 ἐφ

117 3275 245 3345 Ἑλλήσπ.
256 3277 285 3331 F.
327 3278 362 3332 11
376 3273 447 3343 πρὸς
460 3276 508 3330 Ἀλ.
523 3277 572 3331 καί
586 3278 706 3348 Πολυπ]
723 3278 757 3331 cf.
772 3276 829 3330 ind.
844 3276 908 3330 XIX
917 3275 970 3344 κζ’;
984 3277 1047 3331 XIX
1062 3283 1141 3345 60,1.

121 3348 170 3402 καί
184 3349 404 3418 ξενολογήσαντα
435 3349 521 3413 ξενολ.
535 3368 564 3402 τε
578 3349 608 3401 F.
660 3348 695 3403 18
709 3346 900 3420 βιβλιοφόροις
913 3349 943 3402 F.
990 3349 1026 3405 14
1038 3351 1142 3419 ὑπηρε-

102 3419 263 3560 κενή
280 3420 318 3545 0
336 3421 407 3546 εί
423 3416 708 3548 άῖίιιάαι
724 3426 841 3562 δεῖ,
864 3416 1017 3547 δάιε
1032 3424 1142 3565 III·

87 3551 132 3604 22
147 3565 200 3625 7775
218 3542 389 3634 ναυπηγίας
407 3566 440 3622 F.
460 3536 466 3561 ⁹
505 3535 512 3560 '
665 3535 672 3558 ³

559 3794 615 3808 Α
