2460 3848
473 182 571 238 LIBRI
588 182 660 239 XIX.
1027 183 1080 238 VII

59 275 114 324 cm
399 343 441 399 01.
458 349 518 412 116,
529 351 545 398 2
556 366 563 399 ε
574 349 626 399 315
641 363 664 399 a.
681 343 743 400 Chr.

59 450 102 499 55.
130 444 163 497 In
181 443 249 497 Asia
267 442 425 513 Antigonus
444 441 542 496 relicto
556 442 658 511 Aspisa
676 442 811 497 Susianae
828 443 972 512 praefecto
988 443 1080 512 Baby-

53 547 55 550 ·
166 523 259 578 lonem
283 522 436 578 contendit.
473 521 517 576 Ibi
541 522 658 577 dissidio
681 522 756 577 inter
775 523 868 592 ipsum
887 526 917 578 et
935 522 1082 578 Seleucum

167 605 228 658 orto
261 602 392 659 Seleucus
425 604 455 656 in
484 604 646 672 Aegyptum
679 603 715 656 ad
742 602 935 658 Ptolemaeum
962 603 1082 674 aufugit.

166 683 301 740 Chaldaei
329 683 365 739 ob
393 683 540 738 Seleucum
566 700 581 738 e
606 682 736 736 manibus
765 684 910 738 dimissum
938 684 1080 754 Antigono

165 768 285 821 mortem
303 764 484 834 praedicunt;
503 779 602 831 resque
620 765 720 833 postea
739 767 869 818 eventum
886 763 995 820 habuit.

60 860 102 909 66.
129 841 256 925 Benigne
283 856 415 922 acceptus
444 853 474 906 in
501 853 632 922 Aegypto
661 851 792 907 Seleucus
819 853 1012 909 Ptolemaeum
1044 855 1081 908 ad

165 933 272 989 bellum
299 937 396 989 contra
418 934 593 1002 Antigonum
618 932 748 1001 impellit.
789 933 899 989 Interea
922 935 1081 1005 Antigonus

165 1015 252 1070 missa
275 1014 418 1084 legatione
442 1013 648 1081 Ptolemaeum,
673 1013 885 1082 Lysimachum
909 1013 1081 1070 Casandrum

164 1097 278 1165 placare
304 1096 432 1161 conatur3
459 1093 543 1146 simul
567 1092 675 1147 ultra
667 1111 697 1147 1n
721 1092 848 1148 Ciliciam
866 1097 972 1162 movet,
992 1095 1080 1210 copiis

166 1177 195 1231 ct
166 1176 333 1246 cpccunia
351 1172 494 1229 terribilis

59 1272 100 1321 57.
129 1266 269 1321 Recusata
300 1263 507 1332 provinciarum
541 1265 569 1316 et
599 1262 783 1330 pecuniarum
817 1280 908 1332 aequa
945 1264 1099 1320 divisione<

152 1345 355 1411 Ptolemaeus,
374 1342 569 1412 Lysimachus,
590 1340 731 1397 Casander
753 1360 831 1397 arma
853 1344 884 1397 in
906 1345 1081 1415 Antigonum

83 1460 87 1465 -
166 1424 335 1481 consociant.
373 1423 510 1493 Antigoni
529 1424 626 1477 contre
643 1423 738 1477 hostes
758 1426 918 1492 apparatus.

60 1521 101 1570 58.
130 1515 289 1585 Antigonus
312 1513 343 1568 in
364 1512 525 1567 Phoenicen
546 1528 710 1582 progressus
729 1512 834 1581 Tyrum
853 1513 977 1582 obsidet,
997 1514 1081 1569 simul

165 1595 196 1650 in
209 1594 362 1662 Phoenice,
377 1592 487 1660 Cilicia,
501 1591 602 1646 Rhodo
620 1608 705 1647 naves
720 1593 825 1648 exstrui
839 1593 926 1648 iubet.
955 1595 1081 1664 Apparet

165 1675 274 1730 interea
293 1673 424 1729 Seleucus
444 1690 507 1727 curn
526 1673 623 1727 classe.

59 1771 101 1820 59.
129 1765 163 1819 Iu
188 1764 328 1820 Phoenice
356 1764 502 1819 ulteriores
530 1762 667 1833 Antigoni
699 1763 866 1819 molitiones.
916 1763 996 1819 Circa
1027 1765 1081 1820 hoc

51 1838 57 1848 ’
165 1847 276 1914 tempus
305 1842 413 1898 Crateri
440 1860 503 1897 ossa
528 1860 581 1912 per
606 1843 767 1898 Aristonem
793 1843 891 1897 Philae
921 1845 959 1898 ad
989 1846 1081 1914 sepul-

165 1929 258 1980 turam
289 1923 410 1990 tradita,
443 1924 521 1977 cuius
555 1922 681 1977 mulieris
717 1923 863 1994 ingenium
900 1925 1081 1995 animumque

165 2005 312 2076 praedicat
329 2003 488 2059 historicus.

59 2103 100 2152 60.
129 2088 240 2149 Ducum
258 2093 395 2163 Antigoni
414 2093 443 2146 in
461 2092 653 2160 Peloponneso
673 2097 702 2147 et
720 2093 788 2147 Asia
807 2093 1008 2162 expeditiones.

59 2193 101 2240 61.
129 2185 227 2240 Iuncta
254 2200 317 2237 curn
342 2182 566 2251 Polyperchonte
592 2184 620 2236 et
646 2181 820 2250 Alexandro,
848 2182 1081 2251 Polyperchontis

87 2325 88 2328 Ἴ
165 2263 237 2331 filio,
267 2263 402 2317 societate
431 2261 545 2330 publico
576 2262 689 2317 decreto
722 2261 894 2317 Casandrum
921 2264 1080 2333 Antigonus

165 2346 288 2411 hostem,
311 2342 432 2397 Graecos
454 2341 557 2396 liberos
581 2341 718 2410 declarat,
741 2342 932 2397 Alexandrum
953 2344 983 2398 in
1001 2345 1081 2400 Pelo-

165 2440 320 2494 ponnesum
339 2422 465 2492 ablegat,
484 2423 545 2491 ipse
563 2439 628 2477 vero
647 2422 751 2492 Tyrum
770 2423 922 2478 contendit.

58 2523 101 2571 62.
129 2513 306 2573 Ptolemaeus
320 2512 416 2567 ¹simili
437 2513 550 2567 decreto
570 2511 689 2567 Graecos
708 2512 765 2565 suis
784 2512 895 2583 legibus
914 2529 974 2568 esse
992 2514 1079 2570 iubet.

166 2593 275 2648 Deinde
299 2595 479 2647 recensentur
504 2592 602 2662 copiae
627 2594 772 2647 terrestres
798 2596 826 2646 et
849 2593 962 2649 navales
984 2595 1015 2648 in
1038 2595 1080 2648 di-

164 2691 257 2729 versas
276 2675 371 2742 partes
389 2674 499 2728 missas.

58 2761 100 2810 63.
129 2754 162 2810 In
180 2753 297 2809 Graecia
315 2753 511 2821 Apollonides,
536 2751 670 2806 Casandri
690 2753 759 2820 dux,
782 2754 813 2806 in
830 2754 994 2823 Arcadiam,
1013 2755 1080 2810 inde

165 2835 195 2889 in
209 2834 377 2904 Argivorum
394 2832 493 2888 urbem
510 2833 649 2902 impetum
667 2833 747 2899 iecit;
767 2832 908 2889 Casander
925 2835 986 2904 ipse
1000 2836 1080 2890 Pelo-

165 2931 320 2983 ponnesum
338 2913 480 2982 ingressus
499 2912 654 2968 Cenchreas
672 2914 856 2983 expugnavit,
873 2913 1080 2971 Corinthiorum

165 3013 264 3065 agrum
283 2992 414 3061 vastavit,
439 2991 688 3048 Orchomeniorum
706 2992 804 3048 urbem
822 3010 873 3062 per
890 2994 1080 3063 proditionem

166 3075 249 3143 cepit.

58 3162 101 3211 64.
130 3155 280 3223 Reliquam
306 3157 475 3224 pervagatus
503 3153 726 3222 Peloponnesum
754 3153 895 3209 Casander
926 3156 957 3208 in
988 3157 1080 3212 Mace-

166 3235 280 3289 doniam
303 3234 401 3302 rediit3
424 3251 490 3290 mox
507 3232 698 3288 Alexandrum
722 3233 782 3288 eius
804 3237 899 3302 partes
920 3235 1080 3305 amplexum

164 3314 351 3383 Peloponnesi
375 3315 573 3384 imperatorem
597 3313 751 3369 constituit.
788 3314 898 3370 Interea
916 3314 1079 3384 Polyclitus,

166 3394 276 3450 Seleuci
305 3395 429 3465 legatus,
456 3394 645 3462 Theodotum,
674 3394 812 3465 Antigoni
837 3395 1038 3457 nauarchum,
1059 3400 1094 3444 es

165 3475 305 3530 Perilaum
328 3475 440 3532 insidiis
465 3474 630 3548 opprimens
650 3475 790 3549 ingentes
807 3471 1123 3544 assuissemsem

155 3556 265 3624 gratias
283 3559 398 3618 meruit.
