2460 3848
110 181 173 247 138
455 177 570 234 Diodor.
579 175 644 230 XIX
657 182 780 233 87-89.

111 326 201 410 ίερὸν
218 326 257 390 τὸ
280 325 362 390 κατδι
384 325 446 408 τήν
465 319 647 405 Ὀλυμπίαν
664 322 720 388 καί
743 323 944 407 συναγαγὼν
964 323 1130 409 ἀργυρίου

108 434 210 497 πλείω
242 443 310 498 τῶν
341 434 547 515 πεντήκοντα
578 430 750 496 ταλάντων
787 428 903 509 ξένους
938 429 1130 513 ἐμισθοῦτο.

73 555 89 605 3
113 540 321 624 Τελεσφόρος
339 538 400 621 μὲν
418 533 482 603 οὖν
500 540 727 623 ζηλοτυπήσας
743 538 805 624 τήν
823 541 1024 624 προαγωγὴν
1041 542 1131 603 Πτο-

109 647 245 727 λεμαίου
269 654 390 712 τοῦτον
407 646 468 710 τὸν
486 646 611 729 τρόπον
631 642 761 729 ἐγένετο
784 645 949 730 προδότης
971 653 1028 729 τῆς
1047 646 1133 731 πρὸς

107 751 301 836 Ἀντίγονον
324 754 446 837 φιλίας.
492 755 699 834 Πτολεμαῖος
723 751 790 817 δ’ὁ
810 748 1004 836 Ἀντιγόνου
1033 767 1132 836 στρα-
1162 772 1174 814 ε

108 860 207 943 τηγὸς
234 855 277 943 ήν
304 859 366 943 μὲν
393 857 589 943 τεταγμένος
617 856 672 924 ἐπὶ
698 868 766 924 τῶν
793 860 876 924 κατδι
903 841 970 944 τήν
987 855 1132 925 Ἑλλάδα

108 965 321 1051 πραγμάτων,
339 968 531 1048 πυθόμενος
550 966 588 1031 δὲ
605 967 667 1050 τήν
686 964 870 1031 ἀπόστασιν
887 967 949 1050 τήν
968 967 1132 1050 Τελεσφό

110 1096 171 1157 ρου
201 1072 257 1138 καί
286 1074 348 1160 τήν
377 1073 562 1157 κατάληψιν
591 1082 649 1156 της
676 1071 817 1138 Ἠλείων
844 1074 985 1156 πόλεως,
1015 1069 1064 1136 ἐτι
1093 1072 1132 1138 δὲ

108 1181 170 1264 τήν
194 1180 336 1264 σύλησιν
358 1191 426 1246 τῶν
448 1180 531 1246 κατδι
553 1181 615 1264 τήν
636 1181 817 1262 Ὀλυμπίαν
845 1179 1022 1264 χρημάτων
1048 1199 1133 1264 παρ-

108 1291 216 1370 ήλδεν
239 1289 287 1365 είς
310 1288 574 1372 Πελοπόννησον
596 1287 677 1369 μετδι
701 1287 881 1369 δυνάμεως.
926 1289 1133 1371 καταντήσας
1151 1308 1176 1348 ιο

109 1390 140 1458 δ’
159 1395 207 1470 είς
225 1385 325 1459 Ἦλιν
351 1394 408 1459 καί
434 1395 496 1478 τήν
519 1392 802 1478 ἐντετειχισμένην
825 1393 1008 1479 ἀκρόπολιν
1034 1417 1133 1459 κατα-

110 1501 238 1581 σκάψας
269 1504 331 1585 τήν
353 1522 388 1565 τε
415 1499 614 1586 ἐλευθερίαν
643 1500 793 1567 ἀπέδωκε
820 1510 890 1578 τοῖς
911 1499 1055 1577 Ἠλείοις
1076 1501 1134 1566 καὶ

74 1634 76 1639 ⁴
108 1610 149 1672 τά
167 1612 316 1694 χρήματα
334 1606 599 1692 ἀποκατέστησεν
617 1619 662 1694 τῷ
682 1614 761 1696 θεῷ.
797 1609 877 1690 μετά
896 1607 934 1672 δέ
951 1616 1055 1672 ταῦτα
1072 1607 1134 1673 τὸν

114 1716 326 1800 Τελεσφόρον
353 1716 469 1791 πείσας
496 1713 684 1800 παρέλαβεν
711 1715 773 1798 τήν
800 1717 994 1799 Κυλλήνην,
1027 1737 1134 1799 φρου-

111 1820 279 1907 ρουμένην
301 1817 363 1886 ὑπ’
378 1821 497 1905 αὐτοῦ,
524 1821 580 1887 καί
602 1829 673 1898 τολς
691 1817 836 1897 Ἠλείοις
858 1820 1132 1906 ἀποκατέστησεν,
1151 1841 1176 1882 ιε

56 1927 99 1992 88
173 1925 258 2010 ’Ἀμα
281 1927 319 1994 δὲ
341 1928 472 2005 τούτοις
494 1927 736 2014 πρασσομένοις
760 1924 960 2012 Ἠπειρῶται
982 1931 1134 2013 τελευτή·

110 2051 229 2113 σαντος
260 2036 426 2101 Αἰακίδου
463 2043 523 2105 τοῦ
560 2034 721 2118 βασιλέως
758 2035 870 2099 αὐτῶν
902 2033 1035 2123 Ἀλκέτα
1070 2036 1133 2120 τήν

108 2145 282 2225 βασιλείαν
310 2141 517 2228 παρέδωκαν,
540 2141 577 2219 ὃς
598 2138 642 2226 ήν
665 2140 960 2226 πεφυγαδευμένος
981 2140 1043 2224 μὲν
1066 2141 1133 2208 ὑπὸ

105 2248 272 2335 Ἀρύμβου
302 2258 363 2314 τοῦ
390 2250 529 2333 πατρός,
557 2247 738 2334 ἀλλοτρίως
760 2246 799 2313 δέ
821 2248 1027 2330 διακείμενος
1049 2249 1134 2334 πρὸς

74 2355 320 2442 νΚάσανδρον.
366 2355 419 2420 διὸ
449 2354 505 2420 καί
532 2356 699 2432 Λυκίσκος
726 2354 745 2420 δ
771 2353 969 2439 τεταγμένος
995 2352 1050 2421 ἐπί
1075 2366 1135 2441 τῆς
1152 2379 1177 2419 εο

105 2458 323 2548 Ἀκαρνανίας
350 2462 532 2546 στρατηγὸς
559 2461 625 2526 ὑπὸ
649 2461 853 2548 Κασάνδρου
876 2467 1030 2548 παρήλδε
1053 2464 1135 2545 μετά

110 2568 281 2650 δυνάμεως
309 2570 356 2644 εἰς
380 2569 442 2652 τήν
460 2564 636 2654 Ἤπειρον,
659 2567 795 2645 ἐλπίδας
818 2565 903 2653 ἔχων
927 2569 1051 2656 ῥηιδίως
1073 2570 1135 2658 τὸν

104 2673 261 2740 Ἀλκέταν
290 2674 490 2759 ἀποστήσειν
504 2685 577 2759 Ιτής
606 2674 707 2762 άρχής
739 2675 954 2741 ἀσυντάκτων
985 2672 1035 2740 ἐτι
1065 2687 1136 2742 τῶν

74 2782 192 2848 οκατδι
214 2782 276 2865 τήν
298 2784 471 2864 βασιλείαν
494 2783 610 2849 όντων.
646 2783 1076 2869 καταστρατοπεδεύσαντος
1098 2779 1131 2847 δ’

110 2888 214 2954 αύτοῦ
238 2888 314 2974 περί
332 2891 538 2955 Κασσωπίαν
561 2891 660 2955 πόλιν
679 2888 830 2967 Ἀλκέτας
852 2891 931 2966 τοὺς
952 2890 1015 2972 μὲν
1037 2891 1136 2968 υίοὺς
1154 2911 1179 2953 π

181 3046 239 3101 1.2
258 3045 393 3116 ἀργύριον
415 3043 500 3101 πλείω
523 3045 666 3102 ταλάντων
685 3043 712 3103 ν’
720 3046 753 3102 X.
817 3048 907 3117 δτήν
924 3057 974 3102 τοῦ
993 3051 1045 3103 Πτ.
1065 3067 1136 3117 προ-

110 3119 223 3188 αγωγὴν
241 3118 271 3173 F.
333 3117 417 3188 ίτὴν
438 3118 481 3189 Τ.]
500 3126 550 3172 τοῦ
571 3124 601 3173 Τ.
620 3119 652 3174 Κ.
710 3119 745 3173 11
760 3116 875 3174 Ἠλείαν
893 3118 924 3172 F.
982 3118 1019 3174 14
1035 3117 1137 3184 πείσας

43 3250 48 3257 ,
109 3187 159 3245 τὸν
180 3195 210 3244 Τ.
230 3189 260 3243 F.
340 3188 376 3244 16
401 3207 533 3259 πραττομ.
554 3189 585 3244 F.
665 3190 700 3245 19
726 3190 872 3262 Ἀρύμβου]
899 3187 1059 3262 Ἅρρυβίλον
1084 3191 1138 3246 RX

109 3260 250 3332 Ἀριβήλου
268 3261 304 3328 F3
324 3277 393 3317 corr.
412 3260 500 3314 Palm.
521 3262 566 3330 (cf.
585 3260 651 3316 XVI
668 3264 765 3331 '12‚1);
784 3262 819 3316 de
838 3277 868 3315 re
887 3262 922 3316 cf.
939 3262 1137 3330 Paus.111‚5

109 3331 160 3386 ubi
185 3332 328 3403 Ἀρύββαςς
354 3331 469 3403 Ἀρύβας
491 3332 564 3386 Plut.
584 3332 682 3402 Pyrrh.
704 3339 727 3387 1.
782 3328 853 3401 πρὸς
872 3332 1054 3406 Κάσανδρον]
1078 3332 1138 3392 ύπδ

108 3401 298 3471 Κασσάνδρου
312 3404 343 3470 F,
357 3420 427 3458 corr.
442 3409 514 3457 λιιι.
568 3403 604 3458 20
620 3402 636 3458 δ
650 3400 815 3474 τεταγμένος
830 3421 883 3458 om.
893 3403 952 3459 ΒΧ.
1007 3403 1045 3459 24
1062 3406 1138 3462 κατὰ

95 3473 151 3539 τήν
163 3472 334 3548 βασιλειαν]
352 3473 427 3531 κατά
439 3474 491 3547 τὴν
506 3475 596 3548 ἀρχὴν
609 3483 658 3548 τής
673 3473 814 3547 βασιλείας
826 3474 859 3529 X.
923 3474 959 3529 25
977 3474 1138 3533 Κασωπίαν

77 3539 122 3605 Ες
137 3543 177 3596 ολ
189 3545 322 3602 Mueller
340 3549 379 3604 νά
399 3548 475 3606 Ptol.
492 3548 533 3606 III
548 3555 595 3620 12,
609 3554 635 3607 6.
667 3543 793 3611 Ἀλκέτας
806 3546 905 3612 oms&
915 3562 1052 3614 mmm.
1062 3553 1140 3605 zm.
