2460 3848
119 192 160 258 78
465 187 581 243 Diodor.
590 186 654 241 XIX
668 192 792 241 48-50.

116 336 262 412 Σούσοις
291 333 477 420 χρημάτων,
507 331 750 415 ἀπεσταλμένος
779 330 845 397 ὑπὸ
874 331 1044 397 Σελεύκου
1071 340 1140 396 πάν

115 451 251 525 ποιῆσαι
283 443 320 507 τὸ
349 441 651 526 προστασσόμενον.
703 447 825 505 τοῦτον
853 438 916 521 μὲν
945 431 1008 504 οὖν
1037 455 1140 524 προσ-

116 547 293 632 δεξάμενος
325 557 555 634 προσεποιεῖτο
584 555 683 629 τιμᾶν
713 544 751 612 έν
779 556 850 624 τοῖς
876 547 1043 630 μεγίστοις
1072 557 1140 612 τῶν

116 658 237 740 φίλων,
260 654 506 738 εὐλαβούμενος
527 655 571 738 μή
594 656 799 737 μετανοήσας
816 652 918 718 πάλιν
936 652 1041 718 αὐτὸν
1059 652 1141 718 άπο-

81 765 243 852 ῖκλείση·
276 762 376 838 αὐτὸς
405 761 443 826 δὲ
471 762 675 847 παραλαβὼν
704 761 766 844 τήν
795 758 833 825 ἐν
860 760 1008 836 Σούσοις
1034 760 1140 845 άκραν
1173 783 1185 824 ι

115 867 297 951 κατέλαβεν
327 867 364 935 ἐν
394 868 478 954 αύτῆ
508 871 570 952 τήν
599 890 635 932 τε
664 875 793 953 χρυσῆν
823 865 1055 952 ἀναδενδράδα
1084 866 1141 932 καὶ

80 961 82 966 “
116 981 247 1060 πλῆθος
270 976 381 1041 άλλων
403 973 734 1059 κατασκευασμάτων,
762 979 874 1053 <τῶν>
901 972 1037 1039 πάντων
1060 988 1141 1039 συν-

81 1101 97 1150 8
117 1081 290 1166 αχομένων
308 1084 356 1160 εἰς
373 1082 477 1168 μύρια
493 1081 550 1147 καί
567 1083 815 1164 πεντακισχίλια
833 1080 986 1146 τάλαντα
1021 1081 1141 1164 ήθροί·

117 1196 185 1273 σθη
214 1189 245 1253 δ’
267 1189 356 1277 αὐτῷ
386 1189 442 1254 καὶ
471 1189 552 1254 άλλο
582 1192 713 1273 πλῆθος
744 1185 920 1274 χρημάτων
947 1184 984 1252 έκ
1010 1210 1046 1252 τε
1073 1198 1141 1253 τῶν

117 1295 293 1380 στεφάνων
321 1296 377 1361 καὶ
404 1306 472 1361 τῶν
499 1296 611 1361 άλλων
634 1295 779 1380 δωρεῶν,
803 1292 852 1360 ἔτι
874 1294 912 1360 δὲ
934 1292 971 1360 ἐκ
993 1305 1061 1360 τῶν
1084 1299 1141 1359 λα·
1160 1320 1187 1359 ιο

118 1403 250 1488 φύρων·
286 1411 390 1468 ταῦτα
419 1405 483 1488 γάρ
512 1399 599 1487 ῆσαν
628 1403 877 1487 πεντακισχίλια
903 1401 1062 1486 τάλαντα,
1085 1402 1142 1467 καί

116 1512 199 1576 κατὰ
221 1512 283 1595 τήν
300 1509 441 1593 Μηδίαν
464 1510 547 1575 άλλα
570 1517 715 1574 τοσαῦτα
734 1509 835 1594 χωρίς
853 1518 920 1574 τῶν
938 1506 976 1573 ἐν
994 1508 1142 1586 Σούσοις

116 1625 312 1702 θησαυρῶν,
341 1616 425 1680 ὥστε
455 1618 496 1681 τά
525 1613 634 1681 πάντα
663 1623 876 1701 συναχθῆναι
902 1615 1047 1681 τάλαντα
1070 1616 1141 1681 δισ-

117 1725 220 1810 μύρια
248 1724 504 1809 πεντακισχίλια.
550 1723 606 1788 καὶ
635 1723 676 1787 τδι
702 1722 765 1805 μὲν
787 1723 863 1808 περὶ
887 1721 1080 1807 Ἀντίγονον
1103 1721 1142 1789 έν

118 1832 249 1906 τούτοις
270 1827 322 1914 ῆν.
1161 1852 1186 1894 ιι

63 1942 106 2007 49
185 1934 299 2020 Ἡμεῖς
329 1936 367 2001 δὲ
397 1937 633 2022 διεληλυθότες
663 1939 704 2001 τά
732 1939 814 2002 κατά
842 1939 903 2022 τήν
922 1936 1036 2002 Ἀσίαν
1059 1959 1142 2023 πρα-

116 2043 243 2128 χθέντα
274 2044 538 2128 μεταβιβάσομεν
569 2045 630 2109 τὸν
661 2044 764 2127 λόχον
796 2042 851 2109 ἐπὶ
881 2045 944 2128 τήν
970 2043 1142 2129 Εὐρώπην

117 2151 173 2217 καὶ
204 2153 244 2216 τά
276 2160 399 2236 συνεχῆ
431 2161 499 2216 τῶν
530 2149 780 2236 προειρημένων
812 2147 964 2233 διέξιμεν.
1026 2150 1044 2215 ὁ
1076 2151 1141 2236 γάρ

118 2258 317 2344 Κάσανδρος
345 2259 392 2335 είς
415 2257 560 2323 Πύδναν
584 2266 642 2341 τῆς
665 2257 880 2334 Μακεδονίας
902 2257 1141 2340 συγκεκλεικὼς

114 2360 318 2448 Ὀλυμπιάδα
339 2365 530 2450 προσβολάς
552 2363 614 2446 μὲν
636 2374 706 2440 τοῖς
728 2365 871 2449 τείχεσιν
891 2363 1051 2447 ήδυνάτει
1068 2384 1142 2428 ποι-
1161 2386 1188 2427 εο

118 2477 232 2537 εῖσθαι
254 2471 310 2536 διὰ
332 2474 412 2547 τοὺς
433 2480 610 2555 χειμῶνας,
635 2471 997 2556 περιστρατοπεδεύσας
1020 2468 1058 2534 δὲ
1079 2471 1143 2554 τήν

118 2580 217 2644 πόλιν
239 2578 295 2643 καὶ
317 2578 444 2664 χάρακα
466 2578 651 2660 βαλόμενος
673 2576 738 2644 άπὸ
758 2577 931 2662 θαλάσσης
949 2578 997 2655 είς
1013 2576 1142 2643 θάλασ-

119 2703 192 2768 σαν,
229 2682 277 2750 έτι
314 2685 352 2750 δὲ
387 2682 545 2770 ἐφορμῶν
576 2696 622 2772 τῷ
655 2682 763 2768 λιμένι
794 2684 903 2749 πάντα
933 2684 1143 2767 βουλόμενον

82 2791 335 2877 νέπικονρῆσαι
378 2792 567 2858 διεκώλυεν.
634 2793 717 2876 ταχύ
759 2791 797 2856 δὲ
836 2802 905 2856 τῶν
945 2788 1143 2874 ἐπιτηδείων

118 2897 398 2978 ἐξαναλωθέντων
427 2899 593 2983 τοσαύτην
622 2898 699 2984 περὶ
727 2901 807 2975 τοὺς
836 2894 937 2963 ἔνδον
966 2899 1143 2962 κατεσκεύ-
1162 2920 1188 2961 ει

119 3024 200 3072 ασεν
227 3004 360 3072 ἔνδειαν
387 3003 463 3071 ὥστ’
487 3005 672 3089 ἐκλυθῆναι
698 3006 736 3071 τὸ
761 3005 930 3092 παράπαν·
968 3005 1016 3081 είς
1041 3012 1142 3070 τοῦτο

190 3200 207 3254 l
232 3201 282 3254 καὶ
306 3208 365 3254 πᾶν
393 3199 468 3269 (add.
489 3205 513 3252 2.
528 3201 575 3267 m.)
601 3198 728 3268 ποιήσειν
751 3198 786 3266 Ἐς
812 3198 939 3268 ποιήσειν
964 3199 1052 3253 etiam
1077 3197 1142 3265 RX;

119 3288 188 3326 corr.
208 3271 271 3326 edd.
340 3272 358 3325 2
375 3267 615 3340 προσταττόμενον
633 3270 663 3324 F.
733 3271 750 3325 5
769 3269 839 3342 (τῆς
856 3270 897 3332 εἰς
914 3270 965 3340 τῆν
984 3267 1067 3325 πόλιν
1086 3270 1143 3325 είσ-

119 3340 228 3416 όδου>ῖ
247 3342 292 3413 (of.
312 3342 338 3396 11
358 3349 400 3411 26,
415 3348 444 3410 6;
463 3340 528 3396 XIX
545 3347 588 3409 63,
604 3349 633 3410 23
651 3341 703 3396 XX
723 3346 797 3407 29³⁹
817 3341 949 3411 saepius).
1006 3342 1021 3396 7
1040 3341 1141 3465 (mx)

111 3414 178 3466 add,
198 3415 286 3468 Dind.
343 3414 466 3483 8μύρια
483 3430 642 3484 πεντακισχ.
661 3413 694 3468 X.
751 3413 947 3486 9χρημάτων]
966 3421 1089 3482 χρυσοῦν
1135 3456 1141 3467 .

93 3479 139 3566 19Ι
150 3483 279 3546 Πύδναν
294 3485 328 3539 F.
396 3485 437 3542 20
453 3493 550 3542 ποιεῖν
568 3485 599 3543 F.
663 3485 700 3540 22
719 3483 884 3558 βαλλόμενος
901 3484 932 3538 F.
993 3483 1029 3539 23
1047 3483 1142 3539 πάντα

80 3544 181 3619 (²01¹)
197 3553 389 3626 βουλόμενον
408 3559 500 3616 Dind.

18 3706 29 3807 Ι
