2460 3848
107 167 172 233 216
473 161 757 218 Diodor.xxeo.31.

107 307 385 394 προηττηθέντων
408 308 449 373 οὐ
472 310 578 391 μόνον
600 310 662 393 την
686 311 955 394 πολιορκήσασαν
981 307 1127 390 δύναμιν

107 414 324 501 ἐχειρώσαντο
354 426 421 480 τῶν
449 416 703 500 Καρχηδονίων,
735 415 818 480 ἀλλὰ
849 416 905 481 καί
936 416 996 480 τὸν
1028 431 1128 501 στρα-

106 523 210 606 τηγὸν
245 524 409 606 Ἀμίλκαν,
451 520 714 608 ἐπιφανέστατον
750 523 832 588 όντα
867 533 935 588 τῶν
970 527 1128 606 πολιτῶν,

107 627 307 715 ἐζώγρησαν
337 629 393 694 καί
421 630 459 694 τὸ
489 630 778 713 θαυμασιώτατον,
806 629 935 694 δώδεκα
964 629 1129 715 μυριάδας

107 739 213 815 πεζῶν
236 735 292 801 καὶ
314 738 600 821 πεντακισχιλίους
631 730 743 813 ίππείς
762 735 875 819 ὀλίγος
897 735 1041 821 ἀριθμὸς
1068 757 1129 802 πο·
1161 760 1173 800 τ

108 845 240 927 λεμίων,
263 845 534 928 προσλαβόμενος
553 842 681 928 ἀπάτην
699 842 754 909 καί
772 844 887 926 τόπον,
908 844 990 908 κατὰ
1008 843 1130 928 κράτος

106 950 257 1034 ἥττησεν,
280 950 359 1015 ὥστ’
376 950 500 1035 ἀληθὲς
523 943 609 1016 είναι
632 952 669 1016 τὸ
693 951 874 1033 λεγόμενον
892 949 944 1015 ότι
962 951 1070 1015 πολλά
1088 952 1129 1016 τδι

106 1059 187 1122 κενά
209 1066 269 1122 τοῦ
292 1056 448 1140 πολέμου.

72 1181 88 1230 κ
180 1166 275 1230 Μετά
308 1164 345 1229 δέ
377 1166 438 1249 τὴν
469 1166 597 1250 τροπὴν
625 1165 658 1230 οί
688 1164 750 1247 μέν
777 1163 1005 1249 Καρχηδόνιοι
1033 1165 1130 1230 ἄλλοι

107 1272 179 1336 κατ’
196 1272 318 1348 ἀλλους
345 1273 469 1348 τόπους
496 1270 733 1357 διασπαρέντες
756 1272 852 1354 μόγις
875 1271 923 1347 είς
949 1272 1011 1355 την
1033 1270 1130 1336 ὑστε-
1149 1294 1175 1334 ιο

109 1379 207 1462 ραίαν
235 1377 484 1463 ἠθροίσθησαν,
517 1379 550 1444 οί
580 1378 617 1444 δέ
647 1379 853 1464 Συρακόσιοι
884 1378 965 1459 μετά
994 1382 1129 1443 πολλῶν

107 1483 270 1569 λαφύρων
302 1481 545 1562 ἐπανελθόντες
577 1487 625 1563 είς
660 1487 722 1570 τὴν
753 1486 852 1550 πόλιν
883 1484 944 1548 τὸν
971 1479 1130 1566 Ἀμίλκαν

107 1590 297 1676 παρέδοσαν
334 1601 404 1668 τοῖς
439 1590 658 1675 βουλομένοις
697 1591 879 1674 λαμβάνειν
914 1592 994 1676 παρ’
1024 1590 1129 1657 αὐτοῦ

108 1698 280 1781 τιμωρίαν·
318 1696 600 1784 ἀνεμιμνήσκοντο
638 1699 676 1764 δέ
711 1698 767 1764 καί
801 1707 860 1782 τῆς
890 1706 951 1763 τοῦ
982 1697 1131 1779 μάντεως

110 1813 234 1888 φωνῆς,
257 1803 294 1881 ὃς
317 1800 442 1889 ἔφησεν
465 1806 569 1871 αὐτὸν
592 1807 639 1883 είς
661 1807 724 1890 τὴν
746 1805 925 1890 ὑστεραίαν
950 1805 997 1881 είς
1016 1809 1131 1890 Συρα-
1149 1827 1175 1867 ιτ

108 1911 253 1988 κούσσας
281 1912 483 1996 δειπνήσειν,
510 1923 570 1978 τοῦ
599 1913 774 1995 δαιμονίου
800 1912 1052 1997 παραγαγόντος
1074 1911 1131 1976 τά-

74 2016 220 2101 ιληθές.
265 2018 325 2083 τὸν
347 2015 378 2083 δ’
397 2013 460 2084 οὖν
479 2015 636 2102 Ἀμίλκαν
660 2020 693 2084 οί
715 2029 782 2083 τῶν
805 2017 1027 2083 ἀπολωλότων
1050 2033 1132 2102 συγ-

109 2133 217 2208 γενεῖς
240 2125 419 2209 δεδεμένον
437 2125 618 2210 ἀγαγόντες
636 2127 692 2191 διὰ
709 2135 768 2210 της
786 2127 913 2202 πόλεως
930 2124 986 2190 καί
1005 2125 1132 2203 δειναῖς

110 2232 231 2308 αίκίαις
249 2233 321 2297 κατ’
333 2232 437 2298 αὐτοῦ
455 2232 656 2318 χρησάμενοι
674 2232 755 2315 μετά
773 2241 831 2316 τῆς
849 2229 987 2316 ἐσχάτης
1001 2231 1132 2317 ὕβρεως

110 2337 253 2403 ἀνεῖλον.
303 2333 369 2404 τόθ’
391 2339 424 2404 ol
450 2338 512 2421 μὲν
541 2348 599 2422 της
628 2340 754 2415 πόλεως
783 2340 1021 2422 προεστηκότες
1051 2337 1133 2404 ἀπο·
1151 2362 1177 2402 εο

109 2447 271 2523 κόψαντες
290 2446 394 2511 αὐτοῦ
413 2445 475 2529 την
492 2445 642 2530 κεφαλὴν
661 2443 858 2510 ἀπέστειλαν
875 2447 955 2523 τοὺς
975 2455 1133 2527 κομιοῦν-

111 2575 169 2628 τας
201 2552 248 2628 είς
276 2553 338 2637 την
367 2552 500 2635 Λιβύην
530 2552 614 2637 πρὸς
641 2550 844 2635 Ἀγαθοκλέα
873 2552 928 2617 καλ
957 2552 1035 2638 περὶ
1064 2564 1133 2620 τῶν

57 2658 99 2722 31
110 2659 298 2741 γεγονότων
335 2658 570 2742 εὐτυχημάτων
609 2657 890 2742 ἀπαγγελοῦντας·
930 2659 951 2742 ἡ
991 2660 1030 2724 δέ
1064 2669 1134 2725 τῶν

110 2765 354 2849 Καρχηδονίων
381 2766 518 2849 στρατιά
544 2766 625 2848 μετά
652 2766 714 2850 τὴν
741 2764 925 2849 γενομένην
953 2767 1134 2851 συμφοράν

110 2877 268 2953 μαθοῦσα
290 2873 351 2956 τὴν
375 2874 485 2937 αίτίαν
508 2883 575 2938 τῶν
599 2872 817 2957 ἀτυχημάτων
839 2873 935 2955 μόγις
959 2868 1179 2957 ἀπηλλάγητε

110 2989 178 3043 τῶν
197 2980 322 3062 φόβων.
365 2977 524 3064 ἀναρχίας
547 2976 577 3043 δ’
592 2980 694 3065 οὔσης
716 2978 894 3063 διέστησαν
913 2979 946 3043 οί
968 2978 1134 3064 βάρβαροι

182 3171 315 3239 Ῑπολιορ
317 3180 405 3227 ποῦσα
406 3172 467 3226 vF.
505 3170 653 3262 θάπάτη
671 3192 708 3225 κα
690 3168 859 3244 αλτόπφΚ
897 3167 953 3226 ἀπὸ
967 3170 1133 3239 κράτουςΚ,

110 3242 128 3295 9
146 3241 197 3311 μὲν
215 3260 269 3297 om.
284 3192 315 3297 Fe.
352 3241 433 3306 ἀλλος
451 3263 504 3297 κατ
505 3241 632 3306 ’ἀλλους
648 3239 752 3305 τόπους
771 3225 865 3310 (κάδω,
886 3259 954 3298 corr
971 3242 1061 3299 Hertl.
1076 3242 1133 3297 H2

110 3331 138 3382 p
154 3319 195 3367 19.
251 3314 287 3368 14
305 3313 554 3384 ἐμιμνήσκοντοΚς
574 3317 718 3382 exspectes
737 3313 954 3384 ἀνεμιμνῄσκετο
973 3313 1035 3384 (XX
1049 3319 1092 3382 29,
1103 3320 1134 3382 33

112 3385 147 3439 of.
176 3385 275 3454 (Wess.
297 3385 439 3453 monente)
465 3385 521 3440 Gic.
548 3386 583 3440 de
608 3386 663 3440 div
682 3386 757 3452 124,
774 3391 821 3451 503
845 3385 907 3440 VaL
932 3385 1005 3440 Max
1025 3385 1071 3438 1⁷
1075 3388 1134 3455 8)

95 3455 138 3506 16
153 3456 198 3518 είς
208 3457 263 3530 Σ]
280 3458 315 3513 ef.
330 3456 422 3514 Heffl.
437 3456 464 3512 Π
480 3463 574 3530 1pe.
628 3456 664 3512 18
683 3455 729 3512 ἐπὶ
746 3465 795 3528 της
812 3453 961 3519 πόλεωςΚ.
1016 3455 1052 3511 2⁰
1069 3457 1134 3530 μὲν]

83 3525 163 3582 τεΡ.
242 3528 534 3605 λότωνπόνωνΚ,
556 3549 628 3589 corr
647 3535 729 3587 emm
