2460 3848
132 214 198 278 306
499 209 612 265 Diodor.
622 209 673 262 XX
688 214 730 263 92.
742 215 783 263 93.

132 355 188 420 καλ
217 356 254 420 τὸ
283 356 419 421 πάντων
450 356 633 437 ἰδιώτατον,
663 356 745 420 κατά
772 354 834 436 μέν
860 357 922 440 τήν
950 355 1086 441 εἰρήνην
1115 353 1153 421 ἐν

132 461 251 545 μέθαις
278 461 421 546 διέτριβε
448 462 503 527 καί
531 463 727 544 συμποσίοις
754 458 889 546 ἔχουσιν
917 459 1067 547 ὀρχήσεις
1097 463 1153 527 καὶ

132 571 262 651 κώμους
289 570 345 634 καλ
371 570 409 633 τὸ
440 569 586 635 σύνολον
615 566 731 653 ἐζήλου
760 569 822 652 τήν
851 568 1154 653 μυθολογουμένην

104 714 107 719 ·
132 675 211 741 ποτέ
228 676 388 760 γενέσθαι
410 679 482 742 κατ’
497 673 700 759 ἀνθρώπους
719 683 779 740 τοῦ
793 674 966 740 Λιονῦσου
986 676 1153 761 διάθεσιν,

130 785 213 848 κατδι
240 782 278 847 δέ
304 785 384 859 τοῦς
410 781 575 865 πολέμους
602 781 737 866 ἐνεργὸς
763 778 807 865 ήν
833 782 890 846 καλ
911 785 1041 867 νήφων,
1069 783 1153 849 ὥστε
1187 805 1198 843 ι

132 891 221 973 παρδι
247 889 373 966 πάντας
400 892 479 966 τοῦς
506 887 787 974 ἐργατευομένους
810 886 993 973 ἐναγώνιον
1015 889 1154 975 παρέχε-

97 1003 214 1063 σσθαι
241 997 278 1061 τὸ
307 1007 399 1078 σῶμα
425 995 482 1060 καλ
508 997 570 1080 τήν
592 998 711 1080 ψυχήν.
758 993 812 1061 ἐπὶ
839 997 903 1081 γάρ
926 997 1048 1062 τούτου
1071 997 1153 1082 βέλη

132 1104 172 1168 τά
201 1102 338 1186 μέγιστα
367 1101 590 1187 συνετελέσθη
621 1103 677 1168 καί
708 1103 852 1187 μηχαναὶ
880 1112 1036 1168 παντοῖαι
1064 1107 1153 1169 πολὺ

132 1210 190 1285 τδις
225 1211 315 1294 παρδι
350 1221 420 1287 τοίς
451 1211 565 1286 άλλοις
595 1209 775 1293 γενομένας
806 1205 1059 1293 ὑπεραίρουσαι·
1097 1210 1154 1275 καλ

133 1314 242 1400 σκάφη
267 1315 304 1380 δὲ
327 1316 462 1399 μέγιστα
484 1318 706 1382 καθείλκυσεν
725 1311 822 1392 οὗτος
841 1317 921 1398 μετδι
938 1318 1000 1401 τήν
1018 1321 1154 1403 πολιορ-
1173 1339 1198 1377 ιο

132 1424 209 1488 κίαν
232 1422 356 1506 ταύτην
378 1422 434 1488 καλ
456 1424 517 1507 τήν
540 1432 600 1489 τοῦ
624 1425 747 1507 πατρὸς
772 1426 936 1507 τελευτήν.

80 1529 123 1594 93
209 1530 250 1594 Ολ
273 1528 310 1593 δὲ
329 1526 449 1594 Ῥόδιοι
470 1536 680 1614 θεωροῦντες
702 1531 764 1615 τήν
781 1530 955 1615 προκοπήν
972 1540 1040 1594 τῦν
1063 1532 1154 1614 παρὰ

132 1646 202 1712 τοῖς
219 1637 388 1717 πολεμίοις
406 1633 514 1721 ἐργων
532 1636 777 1702 κατεσκεύασαν
795 1634 889 1713 ἐντὸς
912 1635 1026 1722 ἕτερον
1046 1647 1154 1721 τεῖχος

133 1742 345 1827 παράλληλον
367 1753 412 1828 τῷ
440 1743 594 1824 μέλλοντι
621 1753 739 1808 πονελν
760 1745 843 1808 κατά
869 1745 927 1819 τδις
954 1743 1153 1828 προσβολάς.

132 1847 277 1933 ἐχρῶντο
297 1849 334 1914 δὲ
353 1853 462 1926 λίθοις
479 1857 721 1936 καθαιροῦντες
739 1858 798 1914 τοῦ
817 1849 964 1934 θεάτρου
982 1850 1042 1914 τὸν
1060 1853 1153 1934 περί·
1173 1871 1198 1910 ιι

133 1959 236 2036 βολον
257 1957 314 2022 καὶ
335 1957 393 2033 τάς
415 1959 558 2041 πλησίον
581 1957 700 2039 οἰκίας,
724 1953 772 2020 ἔτι
795 1956 834 2021 δὲ
855 1967 922 2021 τῶν
948 1957 1045 2040 ίερών
1069 1953 1152 2041 ἔνια,

133 2072 202 2139 τοῖς
223 2069 318 2140 θεοῖς
341 2062 514 2146 εὐξάμενοι
534 2066 692 2128 καλλίονα
710 2063 968 2128 κατασκευάσειν
987 2066 1153 2147 σωθείσης
1212 2120 1219 2133 .

97 2180 189 2253 κτής
212 2171 345 2247 πόλεως.
392 2168 576 2251 ἐξέπεμψαν
599 2169 637 2234 δέ
659 2170 714 2235 καλ
740 2181 808 2235 τῶν
831 2180 918 2234 νεών
940 2168 1053 2252 ἐννέα,
1080 2170 1152 2234 δια-

132 2276 366 2358 κελευσάμενοι
394 2280 473 2353 τοὺς
502 2276 757 2361 ἀφηγουμένους
785 2286 934 2362 πανταχή
966 2281 1064 2341 πλεῖν
1095 2277 1153 2343 καί

133 2381 325 2468 παραδόξως
348 2381 627 2468 ἐπιφαινομένους
645 2383 665 2448 δ
684 2383 744 2465 μὲν
763 2386 916 2466 βυθίζειν
934 2393 1001 2448 τῶν
1020 2383 1152 2449 άλισκο-
1171 2409 1199 2448 νο

132 2487 242 2570 μένων
265 2491 402 2572 πλοίων,
425 2489 446 2553 δ
470 2490 507 2553 δὲ
529 2490 685 2573 κατάγειν
708 2492 755 2566 είς
777 2492 839 2575 τήν
862 2492 968 2555 πόλιν.
1015 2488 1152 2555 ἐκπλευ-

133 2595 263 2660 σάντων
287 2595 324 2660 δέ
346 2595 474 2661 τούτων
496 2596 553 2660 καὶ
574 2606 669 2683 τριχή
693 2597 933 2683 διαιρεθέντων
955 2599 1153 2681 Δαμόφιλος

132 2701 193 2784 μὲν
222 2699 307 2787 ἔχων
336 2710 419 2779 ναῦς
447 2704 505 2780 τάς
533 2703 739 2786 καλουμένας
765 2705 854 2789 παρά
878 2702 1015 2780 Ῥοδίοις
1045 2710 1152 2789 φυλα-

132 2810 226 2886 κίδας
245 2806 404 2874 ἔπλευσεν
423 2811 470 2886 είς
483 2811 673 2895 Κάρπαθον
691 2810 746 2876 καί
763 2812 871 2877 πολλά
888 2811 949 2893 μὲν
965 2816 1066 2876 πλοῖα
1083 2823 1152 2876 τῶν

132 2919 326 3001 Δημητρίου
356 2918 561 3001 καταλαβών,
591 2917 612 2982 δ
641 2917 702 3000 μέν
729 2928 798 2994 τοῖς
828 2915 981 3000 ἐμβόλοις
1009 2919 1151 3004 θραύων
1170 2941 1197 2980 ιε

133 3025 371 3106 κατεπόντιζεν,
390 3023 410 3088 δ
429 3023 459 3088 δ’
473 3022 527 3090 ἐπί
544 3025 604 3090 τὸν
623 3026 774 3108 αἰγιαλὸν
791 3028 932 3106 κομίζων
948 3023 1151 3108 ἐνεπύριζεν,

133 3128 346 3215 ἐκλεγόμενος
367 3141 435 3196 τῶν
458 3132 618 3213 σωμάτων
640 3134 680 3197 τά
702 3132 946 3216 χρησιμώτατα,
969 3131 1031 3196 οὐκ
1054 3131 1151 3215 ὀλίγα

204 3357 395 3414 Ῑίδιαίτατον
414 3360 448 3427 F3
469 3361 503 3414 cf.
522 3359 586 3414 XIX
606 3368 630 3426 1,
644 3367 668 3415 6.
741 3359 924 3430 ὃπολεμίους
941 3359 973 3415 X.
1047 3361 1082 3414 11
1101 3360 1151 3414 καὶ

119 3428 173 3496 τήν
187 3439 244 3484 ’τοῦ
260 3428 371 3500 πατρός
388 3432 517 3505 τελευτήν
537 3449 591 3488 om.
605 3433 636 3502 F,
650 3432 741 3503 suppl.
758 3439 781 3485 2.
792 3451 828 3486 m.
843 3434 872 3485 in
887 3448 975 3501 marg.
1038 3431 1073 3486 19
1091 3440 1152 3494 τοῖς

103 3497 327 3570 ἆφῦίθίίίίὲνθίε
355 3505 388 3574 F,
418 3524 490 3563 corr.
522 3513 548 3564 2.
572 3525 611 3562 m.
685 3512 827 3574 πανταχοῖ
852 3502 946 3556 M.
966 3503 999 3554 Yx
1016 3509 1037 3554 θ.
1057 3520 1089 3569 ρ.
1107 3509 1152 3556 15.

87 3564 131 3618 25
147 3581 217 3634 ταῖν
235 3573 383 3648 ἐμβολαῖς
400 3580 466 3637 RX.
