2460 3848
134 205 197 270 192
486 201 600 256 Diodor.
610 200 661 254 XX
676 206 797 256 13-15.
815 229 816 232 =

47 397 50 401 -
132 349 256 434 βάρων,
279 346 334 413 ἐπὶ
357 347 395 412 δὲ
416 358 475 432 τῆς
496 347 636 433 ἠπείρου
655 358 700 433 τῷ
719 345 810 431 μέρει
828 355 886 431 τῆς
904 345 1151 431 προηττημένης

81 456 122 520 14
132 464 285 541 στρατιᾶς
322 454 528 540 περιεγένετο
568 464 636 518 τῶν
672 455 902 538 νενικηκότων.
961 453 1077 539 διόπερ
1118 455 1152 520 ολ

132 563 368 647 Καρχηδόνιοι,
387 563 583 644 νομίσαντες
601 558 748 626 ἐκθεοῦν
767 560 880 638 αὐτοῖς
898 559 1072 644 γεγονέναι
1089 562 1152 646 την

132 668 320 754 συμφοράν,
344 666 532 753 ἐτράπησαν
555 668 638 753 πρὸς
660 669 824 733 παντοίαν
849 668 974 733 ἱκεσίαν
996 677 1057 732 τοῦ
1080 669 1152 733 δαι-

131 777 251 858 μονίου
282 774 339 841 καί
370 776 566 858 νομίσαντες
597 773 739 857 μάλιστα
774 775 906 858 μηνίειν
942 774 1055 852 αὐτοῖς
1091 777 1152 840 τὸν
1184 794 1197 835 ι

128 880 292 967 Ἡρακλέα
322 882 382 946 τὸν
414 882 503 967 παρά
530 889 600 958 τοίς
628 880 792 965 ἀποίκοις,
819 880 994 966 χρημάτων
1021 886 1153 966 πλῆθος

131 990 186 1053 καί
208 998 276 1053 τῶν
295 988 584 1054 πολυτελεστάτων
603 987 828 1072 ἀναθημάτων
846 985 996 1070 ἔπεμψαν
1020 989 1067 1065 είς
1089 990 1152 1073 τὴν

96 1113 111 1160 2
136 1095 247 1180 Τύρον
270 1094 332 1160 οὐκ
355 1094 458 1178 ὀλίγα.
505 1094 757 1172 ἀποικισθέντες
785 1095 849 1180 γάρ
877 1093 914 1160 ἐκ
935 1095 1056 1180 ταύτης
1079 1096 1151 1160 είύ-

131 1208 253 1267 θεισαν
271 1199 309 1266 ἐν
327 1210 397 1278 τοίς
415 1199 607 1286 ἔμπροσθεν
626 1203 759 1287 χρόνοις
777 1201 918 1285 δεκάτην
937 1201 1152 1268 ἀποστέλλειν
1201 1237 1208 1248 ·

131 1319 176 1394 τῷ
199 1315 269 1394 θεῷ
291 1308 426 1374 πάντων
444 1319 512 1374 τῶν
531 1309 579 1385 είς
596 1309 766 1394 πρόσοδον
784 1311 986 1374 πιπτόντων·
1009 1308 1152 1394 ύστερον
1172 1330 1198 1371 ιο

132 1415 169 1481 δὲ
187 1415 351 1501 μεγάλους
368 1414 566 1500 κτησάμενοι
586 1415 753 1492 πλούτους
774 1415 830 1481 καί
853 1417 1041 1502 προσόδους
1064 1413 1152 1493 ἀξιο-

132 1521 316 1606 λογωτέρας
353 1522 577 1606 λαμβάνοντες
608 1523 708 1607 μικρά
740 1528 908 1600 παντελῶς
939 1520 1152 1608 ἀπέστελλον,

132 1629 372 1714 ὀλιγωροῦντες
400 1637 461 1694 τοῦ
492 1629 676 1711 δαιμονίου.
729 1629 785 1695 διά
814 1629 852 1694 δέ
881 1631 943 1714 τὴν
973 1631 1152 1715 συμφοράν

130 1736 255 1819 ταύτην
283 1737 330 1812 είς
357 1735 571 1819 μεταμέλειαν
599 1734 756 1813 ἐλθόντες
783 1737 918 1801 πόντων
946 1746 1014 1801 τῶν
1044 1734 1082 1801 ἐν
1110 1745 1151 1822 τῇ

96 1858 112 1906 3
137 1842 232 1929 Ῥύρω
261 1849 354 1907 θεῶν
383 1841 619 1926 ἐμνημόνευον.
672 1840 822 1926 ἔπεμψαν
851 1842 889 1909 δέ
917 1843 973 1908 καλ
1004 1844 1082 1920 τοῦς
1115 1840 1152 1908 ἐκ
1172 1862 1198 1903 ιε

131 1959 199 2014 τῶν
228 1950 325 2034 ἱερῶν
352 1958 498 2036 χρυσοῦς
528 1952 630 2026 ναούς
658 1949 813 2027 <αύτοῖς>
841 1958 911 2025 τοίς
943 1949 1152 2035 ἀφιδρύμασι

132 2057 215 2141 πρὸς
241 2058 303 2141 τὴν
332 2059 469 2141 ἱκεσίαν,
495 2057 676 2141 ἡγούμενοι
702 2061 829 2138 μᾶλλον
852 2053 1063 2133 ἐξιλάσεσθαι
1089 2057 1152 2141 τὴν

130 2172 191 2227 τοῦ
214 2170 299 2229 θεοῦ
322 2174 423 2249 μῆνιν
440 2174 509 2229 τῶν
527 2162 752 2247 ἀναθημάτων
769 2161 994 2247 πεμφθέντων
1013 2160 1067 2227 ἐπί
1089 2165 1152 2248 την

96 2287 113 2334 4
131 2271 338 2355 παραίτησιν.
380 2270 521 2360 η’γτιῦντο
544 2269 582 2334 δέ
603 2270 660 2335 καί
681 2271 741 2335 τὸν
759 2272 896 2355 Κρόνον
920 2268 1033 2345 αύτοίς
1055 2266 1153 2334 ἐναν-

131 2383 302 2460 τιοῦσθαι,
325 2374 403 2442 καθ’
422 2378 503 2443 ὅσον
526 2375 564 2442 ἐν
585 2386 655 2454 τοῖς
678 2373 870 2463 ἔμπροσθεν
890 2378 1023 2462 χρόνοις
1045 2375 1152 2441 θύον·
1171 2399 1198 2440 ιο

131 2507 184 2560 τες
206 2484 312 2571 τούτῳ
335 2493 381 2571 τῷ
403 2491 473 2570 θεῷ
497 2494 565 2549 τῶν
583 2485 668 2549 υἱῶν
690 2487 769 2561 τοὺς
790 2485 986 2570 κρατίστους
1008 2481 1152 2567 ύστερον

132 2590 317 2673 ὠνούμενοι
344 2590 456 2677 λάθρᾳ
482 2590 603 2668 παῖδας
628 2590 684 2656 καί
710 2591 898 2677 θρέψαντες
925 2587 1072 2673 ἔπεμπον
1097 2586 1152 2654 ἐπὶ

132 2698 193 2780 τὴν
215 2699 354 2762 θυσίαν·
382 2696 437 2762 καί
462 2700 622 2782 ζητήσεως
645 2697 825 2783 γενομένης
851 2696 1041 2782 εὑρέθησάν
1062 2719 1153 2774 τινες

97 2815 199 2868 ὁτῶν
225 2803 562 2889 καθιερουργημένων
588 2804 823 2889 ὑποβολιμαῖοι
847 2806 1029 2889 γεγονότες.
1074 2804 1152 2869 τού-

202 2997 334 3060 δαῦτοίς
352 2998 415 3053 edd.
476 2998 621 3069 ὅμηνιείν
639 2998 698 3052 RX.
734 2999 831 3061 αδτοῑς
849 2998 912 3053 edd.
971 2993 1151 3069 δάποίιιοις]

132 3068 258 3137 alioquin
277 3069 482 3138 significatione
500 3071 592 3124 activa
608 3087 664 3124 non
679 3071 843 3138 usurpatum
860 3067 1152 3137 &nozmtathess.;

132 3137 295 3194 ἀποικίσαοι
322 3138 405 3194 Dind.
490 3140 525 3195 14
556 3140 682 3213 πάντων]
714 3139 799 3195 πάλιν
830 3140 946 3205 Reiske‚
979 3155 1035 3194 non
1066 3140 1151 3195 male.

132 3210 168 3264 16
185 3220 304 3280 χρυσοῦς
317 3212 414 3283 ναούς]
433 3221 538 3281 χρυσᾶς
551 3221 621 3275 ναῦς
633 3231 669 3266 m.
681 3219 697 3266 2
711 3212 742 3266 in
756 3228 844 3282 marg.
864 3212 924 3266 cod.
939 3213 972 3265 R.
1010 3210 1152 3334 ἵαάτοῑς)

132 3290 190 3343 τοῖς
208 3282 257 3351 ἀφ.
278 3299 343 3349 ειυς
363 3282 480 3356 (αὐτοῖς
516 3284 566 3352 ἀφ.
582 3283 745 3339 dubitanter
758 3284 857 3350 θύετε,
872 3283 950 3337 cuius
965 3300 1018 3352 exp
1029 3281 1065 3336 ic.
1079 3282 1153 3337 mihi

132 3369 188 3406 non
212 3353 349 3422 probatur
374 3355 419 3424 (ef.
440 3353 465 3406 X
509 3356 608 3422 49,1);
635 3354 708 3428 (σὺν
752 3363 811 3418 τοῖς
834 3355 883 3423 ἀφ.
903 3353 995 3408 Madv.
1014 3353 1027 3407 I
1045 3370 1072 3421 p.
1088 3359 1151 3409 513.

124 3424 166 3476 17
179 3423 383 3489 ἐξιλλάσααθαι
401 3426 431 3480 F.
500 3426 535 3481 19
553 3426 649 3488 αάτοῑς
732 3426 796 3480 Eue.
817 3427 866 3494 qui
884 3428 990 3551 (ρυοερ.
1008 3441 1047 3479 ev.
1062 3424 1102 3478 IV
1118 3431 1152 3479 19

107 3508 137 3557 p.
156 3499 211 3549 161
226 3496 296 3567 ab)
324 3498 363 3554 ab
426 3507 511 3556 ιῶντο
535 3515 627 3570 usque
650 3498 689 3553 ωδ
712 3499 813 3567 πλῆρες
832 3516 889 3564 πυρ
907 3517 921 3557 ς
942 3500 1046 3564 (2193
1064 3513 1089 3550 v.
1106 3499 1152 3567 11)

97 3577 216 3621 omnem
238 3570 368 3628 Diodori
401 3591 489 3631 ocum
511 3590 603 3631 exscr.
677 3569 716 3626 24
732 3565 1017 3636 καθιερουρηηράτωυ
1030 3565 1069 3618 θ.
