2460 3848
434 200 475 256 01.
488 207 548 268 11ο,
560 207 587 256 1:
608 200 773 256 3161.Ch1·.
1071 206 1112 271 51

92 346 176 432 δρον
200 344 397 430 έποιῆσαντο
421 349 617 431 συμμαχίαν.
668 347 750 433 ὅπερ
773 346 932 413 οὐδέποτε
955 347 1115 431 γενέσθαι

92 452 217 537 συνέβη
254 455 336 519 κατά
372 455 434 537 τῆν
461 451 626 539 Ἤπειρον
663 449 721 538 ἀφ’
755 447 796 519 οὗ
829 455 1063 538 Νεοπτόλεμος
1096 454 1113 521 ὁ

88 556 261 644 Ἀχιλλέως
288 558 482 645 ἐβασίλευσε
509 570 568 645 τῆς
594 560 716 646 χώρας·
749 559 800 626 ἀεί
829 561 894 647 γάρ
921 571 998 640 παῖς
1025 564 1115 649 παρά

37 668 220 750 ειοπατρὸς
239 667 473 752 διαδεχόμενος
492 668 554 751 τῆν
573 666 773 733 δυναστείαν
796 665 1025 752 ἐναπέθνησκε
1042 679 1115 747 ταῖς

59 776 275 858 εβασιλείαις
300 773 396 860 μέχρι
423 773 530 839 τῶνδε
559 783 627 839 τῶν
656 785 789 859 καιρῶν.
840 775 1044 862 Κασάνδρου
1077 776 1150 844 δδο

91 882 343 966 παραλαβόντος
365 882 427 965 τῆν
441 878 607 965 Ἤπειρον
629 889 669 966 τῆ
694 883 862 969 συμμαχίᾳ
883 882 939 947 καὶ
967 881 1115 966 πέμψαν-

90 1011 147 1064 τος
166 989 213 1065 είς
234 987 338 1072 αὐτὴν
357 986 556 1072 έπιμελητῆν
578 986 644 1070 άμα
667 988 722 1053 καί
741 990 927 1074 στρατηγὸν
943 993 1115 1056 Λυκίσκον

92 1094 125 1159 ολ
156 1095 320 1178 πρότερον
349 1094 432 1159 κατά
461 1094 679 1160 Μακεδονίαν
711 1095 919 1175 διστάζοντες
949 1097 1026 1181 περὶ
1057 1106 1115 1182 τῆς

92 1201 278 1285 συμμαχίας
305 1200 496 1284 ἀπήλπισαν
522 1202 585 1285 μέν
611 1203 652 1267 τά
680 1199 751 1267 κατ’
775 1198 979 1284 Ὀλυμπιάδα
1009 1204 1114 1289 πράγ-

45 1332 72 1373 1ο
91 1329 191 1390 ματα,
223 1318 268 1394 τῷ
301 1307 339 1373 δδ
365 1307 556 1395 Κασάνδρῳ
583 1308 799 1394 προσέθεντο.
850 1317 925 1391 μιᾶς
957 1307 987 1374 δ’
1013 1311 1115 1395 οὔσης

91 1414 175 1499 αὐτῆ
221 1416 382 1498 βοηθείας
426 1423 484 1498 τῆς
529 1416 618 1501 παρὰ
665 1414 943 1502 Πολυπέρχοντος
989 1417 1113 1502 συνέβη

91 1519 146 1586 καί
174 1520 298 1604 ταύτην
326 1523 545 1606 συντριβῆναι
573 1521 780 1608 παραδόξως·
810 1522 828 1588 ὁ
856 1525 920 1610 γάρ
950 1523 1016 1588 ὑπὸ
1044 1528 1148 1590 Koa-6

92 1625 240 1712 σάνδρου
268 1626 435 1711 πεμφθείς
463 1628 645 1713 στρατηγὸς
669 1627 804 1706 Κάλλας
831 1628 943 1715 ἐπειδὴ
971 1632 1114 1714 πλησίον

91 1734 269 1817 γενόμενος
296 1742 356 1800 τοῦ
383 1732 661 1819 Πολυπέρχοντος
687 1736 1050 1822 κατεστρατοπέδευσεν
1077 1736 1114 1803 ἐν

45 1849 130 1926 1οτῆ
156 1844 360 1929 Περραιβίᾳ,
389 1840 562 1927 διέφθειρε
589 1851 657 1907 τῶν
684 1841 752 1925 μετ’
772 1843 875 1909 αὐτοῦ
904 1855 1114 1929 στρατιωτῶν

91 1949 169 2026 τοὺς
192 1950 368 2026 πλείστους
392 1952 568 2033 χρήμασιν,
595 1949 679 2014 ὥστε
707 1948 842 2034 ὀλίγους
868 1953 947 2026 τοὺς
973 1950 1114 2034 μάλιστα

91 2056 229 2132 πιστοὺς
248 2055 504 2141 ἀπολειφθῆναι.
537 2056 572 2120 αλ
589 2054 651 2137 μὲν
670 2049 733 2120 οὖν
748 2052 967 2137 Ὀλυμπιάδος
983 2055 1114 2134 έλπίδες

91 2159 129 2227 έν
152 2161 253 2249 ὀλίγῳ
276 2165 386 2250 χρόνῳ
410 2170 531 2228 τοῦτον
553 2163 614 2227 τὸν
636 2164 763 2248 τρόπον
786 2161 1068 2247 ἐταπεινώθησαν.

163 2271 258 2334 Κατά
288 2269 325 2334 δέ
354 2271 417 2353 τῆν
440 2265 555 2335 Ἀσίαν
579 2268 768 2354 Ἀντίγονος
795 2269 857 2353 μὲν
886 2269 1047 2354 χειμάζων
1075 2268 1165 2336 5137

44 2401 72 2441 1ο
93 2376 301 2459 Γαδαμάλοις
328 2386 386 2460 τῆς
409 2377 545 2460 Μηδίας
571 2376 628 2442 καὶ
655 2383 796 2462 θεωρῶν
824 2377 886 2460 τῆν
910 2374 1031 2442 ἑαυτοῦ
1055 2377 1114 2442 δύ-

91 2506 193 2565 ναμιν
211 2483 457 2569 ἀσθενεστέραν
476 2478 582 2549 οὖσαν
599 2493 658 2568 τῆς
675 2494 744 2550 τῶν
762 2485 930 2565 πολεμίων
952 2480 1114 2550 ἔσπευδεν

92 2588 295 2668 ἀνελπίστως
331 2590 445 2668 αὐτοῖς
484 2589 665 2656 ἀποθέσθαι
704 2590 759 2656 καί
800 2601 1113 2676 καταστρατηγῆσαι.

44 2756 47 2760 .
91 2694 276 2781 ἐτύγχανον
304 2694 334 2762 δ’
357 2692 450 2763 οὗτοι
477 2699 539 2781 τῆν
565 2699 740 2782 χειμασίαν
765 2693 896 2782 ἔχοντες
918 2696 956 2763 έν
978 2703 1114 2774 πολλοῖς

91 2802 204 2889 μέρεσι
232 2803 474 2890 διεζευγμένην,
502 2800 578 2869 ὥστ’
597 2802 709 2881 ένίους
731 2801 786 2868 ἀπ’
804 2804 956 2889 ἀλλῆλων
980 2803 1113 2889 ἀπέχειν

44 2933 71 2974 ει
92 2908 175 2976 ὁδὸν
191 2911 324 2996 ῆμερῶν
343 2910 384 2990 ἔξ.
422 2913 459 2977 τὸ
477 2912 539 2993 μὲν
557 2905 621 2976 οὖν
640 2910 695 2975 διά
714 2921 771 2995 τῆς
790 2911 985 2996 οἰκουμένης
1005 2911 1113 2996 χώρας
1131 2928 1147 2976 2

92 3015 284 3103 ὁδοιπορεῖν
312 3018 532 3102 ἀπεδοκίμασε
560 3018 616 3083 διά
642 3019 680 3083 τὸ
708 3017 763 3082 καὶ
790 3020 920 3103 μακράν
945 3012 1031 3084 είναι
1058 3018 1113 3084 καί

91 3135 161 3201 τοῖς
190 3127 359 3208 πολεμίοις
389 3126 612 3209 εὐθεώρητον,
644 3125 681 3189 τὸ
714 3124 752 3189 δὲ
781 3129 941 3210 τολμῆσαι
971 3126 1027 3191 διά
1056 3136 1113 3210 τῆς

163 3353 197 3407 ll
224 3354 302 3421 παρὰ
330 3371 383 3408 om.
407 3355 437 3409 F.
516 3353 550 3408 18
577 3362 676 3408 τοῦτον
703 3350 752 3408 τδν
780 3350 885 3420 τρόπον
912 3356 977 3422 post
1004 3351 1113 3414 ἐλπίδες

91 3425 173 3495 Ροιιίί
190 3425 220 3479 F.
280 3425 316 3480 20
334 3425 513 3496 Γαδαμάλοις
527 3424 578 3479 RX
598 3424 791 3515 Ταμρὶρλοιςδ
812 3427 972 3514 §mmm
987 3423 1029 3474 υδο
1043 3429 1079 3474 ³1«.
1088 3437 1160 3527 mk

85 3496 252 3621 χχχδχᾝρξ.
268 3495 331 3622 {IX
350 3503 392 3566 32,
409 3504 431 3554 2.
506 3496 543 3555 23
563 3499 733 3573 χειμαοιανῆ
750 3494 977 3567 ουρμαχιοιυῖ.
1046 3486 1094 3536 ‘2ss
1115 3497 1136 3529 θ’
