2460 3848
441 221 594 289 01.118‚1:
615 226 666 275 ωε
682 220 780 276 που.
954 273 957 281 .
1054 225 1120 291 229

99 367 303 451 Ἀγαθοκλῆς
326 367 364 432 δὲ
385 369 465 443 τοὺς
487 366 644 453 ἀρίστους
666 363 751 452 ἔχων
769 366 847 453 περὶ
869 364 972 433 αὑτὸν
992 379 1122 454 πρῶτος
1140 385 1155 432 6

101 469 255 555 ἐβιάσατο
274 475 353 550 τοὺς
371 472 617 558 ἀνθεστηκότας
634 475 690 539 καλ
708 481 748 558 τῆ
768 474 896 539 τούτων
913 483 1019 561 τροπῆ
1043 477 1122 553 τοὺς

102 582 239 656 λοιποὺς
270 580 463 666 βαρβάρους
494 591 617 665 φυγεῖν
648 578 816 665 ἐποίησεν·
853 583 952 663 μόνοι
986 582 1023 646 δὲ
1054 593 1121 647 τών

103 685 229 752 ἱππέων
256 687 290 752 ολ
317 689 618 770 συναγωνιζόμενοι
644 697 715 765 τοῖς
739 689 984 772 Καρχηδονίοις
1003 684 1122 773 Ἕλλη-

69 815 170 876 ενες,
203 787 252 858 ών
284 779 421 859 Κλίνων
451 796 578 879 ῆγεῑτο,
611 797 691 872 τοὺς
722 795 799 881 περὶ
829 796 890 860 τὸν
918 794 1122 878 Ἀγαθοκλέα

100 903 214 984 βαρεῖς
237 898 464 983 ἐπικειμένους
486 901 685 986 ὑπέστησαν.
731 901 990 985 ἀγωνισαμένων
1013 899 1044 967 δ’
1063 902 1121 967 αὐ-

100 1017 168 1071 τῶν
195 1010 351 1092 λαμπρῶς
378 1008 412 1072 ολ
438 1013 586 1074 πλεῖστοι
613 1009 675 1091 μὲν
702 1008 917 1099 ἀνῃρέθησαν
942 1011 1122 1095 μαχόμενοι

100 1115 271 1197 γενναίως,
295 1115 328 1179 ολ
351 1114 389 1180 δέ
411 1115 685 1201 περιλειφθέντες
706 1117 788 1206 τύχη
812 1117 879 1182 τινί
900 1118 1120 1201 διεσώθησαν.

100 1220 118 1286 δ
149 1217 180 1284 δ’
202 1221 406 1306 Ἀγαθοκλῆς
436 1221 532 1305 ἀφείς
561 1224 598 1288 τὸ
631 1223 765 1287 διώκειν
796 1223 937 1300 τούτους
968 1223 1121 1308 ὥρμησεν
1130 1223 1174 1288 39

56 1349 82 1388 ιο
100 1324 155 1392 έπλ
173 1329 252 1404 τοὺς
269 1330 523 1413 καταφυγόντας
543 1329 735 1413 βαρβάρους
758 1330 806 1406 είς
827 1330 889 1413 τῆν
907 1330 1122 1413 παρεμβολὴν

46 1435 158 1500 434καλ
181 1436 461 1520 προσβιαζόμενος
488 1437 602 1513 τόποις
629 1435 830 1521 προσάντεσι
857 1436 912 1501 καλ
940 1436 1121 1521 δυσπροσί-

99 1565 169 1619 τοις
191 1541 253 1627 οὐχ
275 1537 376 1625 ῆττον
394 1538 574 1627 έπασχενῆ
599 1542 739 1607 διετίθει
761 1544 841 1620 τοὺς
858 1543 1121 1629 Καρχηδονίους.

100 1649 140 1714 οὐ
161 1650 227 1733 μην
246 1645 342 1732 έληγε
360 1654 419 1732 τῆς
437 1651 568 1733 τόλμης,
592 1647 676 1715 ἀλλά
694 1658 734 1735 τῆ
753 1651 829 1740 νίκη
848 1651 1121 1734 μετεωριζόμενος

99 1754 253 1839 ἐνέκειτο,
276 1755 512 1838 διαλαμβάνων
529 1757 612 1821 κατδι
631 1756 751 1841 κράτος
774 1757 924 1843 αἱρήσειν
942 1757 1004 1841 τῆν
1022 1772 1120 1842 στρα-

55 1884 80 1925 ιε
99 1864 282 1929 τοπεδείαν.
329 1859 367 1927 έν
389 1862 537 1950 τοσούτῳ
565 1863 603 1927 δὲ
629 1864 666 1928 τὸ
694 1863 788 1941 τέλος
814 1875 872 1948 τῆς
894 1865 999 1949 μάχης
1020 1881 1155 1950 παρα-κ

99 1971 277 2047 δοκοῦντες
314 1970 360 2034 ολ-
381 1969 538 2052 Νομάδες
573 1981 646 2047 ταῖς
681 1971 743 2053 μὲν
778 1981 846 2036 τῶν
878 1972 1121 2057 Καρχηδονίων

99 2075 299 2152 ἀποσκευαῖς
331 2077 393 2160 οὐχ
425 2068 494 2141 οἷοί
520 2099 555 2141 τε
583 2073 671 2160 ῆσαν
700 2076 881 2143 ἐπιθέσθαι
911 2079 967 2142 διὰ
996 2079 1032 2143 τὸ
1062 2078 1121 2154 τάς

100 2182 257 2264 δυνάμεις
280 2181 468 2269 ἀμφοτέρας
490 2185 633 2267 πλησίον
655 2194 714 2268 τῆς
735 2187 945 2270 παρεμβολῆς
968 2183 1120 2268 ἀγωνίζε-
1172 2176 1173 2179 “

100 2294 197 2373 σθαι,
225 2287 279 2354 ἐπὶ
307 2289 344 2355 δὲ
366 2291 428 2374 τῆν
450 2300 519 2355 τῶν
537 2287 708 2374 Ἑλλήνων
731 2291 990 2377 στρατοπεδείαν
1013 2291 1121 2377 ὥρμη-

55 2415 82 2455 εο
99 2411 173 2477 σαν,
211 2396 335 2473 εἰδότες
366 2397 426 2462 τὸν
454 2393 659 2480 Ἀγαθοκλέα
694 2399 825 2484 μακρὰν
856 2397 1119 2480 ἀπεσπασμένον.

99 2500 223 2587 ἐρῆμον
260 2501 291 2567 δ’
317 2502 419 2587 αὐτῆς
455 2503 557 2586 οόσης
592 2515 661 2569 τών
697 2504 895 2588 δυναμένων
926 2505 1120 2588 ἀμύνασθαι

99 2609 223 2696 ῥηιδίως
263 2608 476 2687 ἐπιπεσόντες
516 2612 595 2687 τοὺς
634 2611 696 2693 μέν
732 2610 949 2691 ἀντιστάντας
985 2613 1120 2696 ὀλίγους

98 2716 198 2793 ὄντας
229 2716 436 2801 ἀπέκτειναν,
473 2717 688 2802 αἰχμαλώτων
720 2718 758 2784 δέ
792 2722 945 2803 πλῆθους
975 2721 1030 2786 καλ
1062 2729 1120 2803 τῆς

99 2824 200 2907 άλλης
223 2823 386 2909 ὠφελείας
408 2822 615 2911 ἐκυρίευσαν.
662 2824 682 2890 ά
706 2825 747 2909 δὴ
771 2827 964 2909 πυθόμενος
987 2825 1005 2890 ό
1026 2822 1154 2907 Ἀγα-ει

53 2949 80 2989 ²⁶
98 2936 224 3015 θοκλῆς
246 2927 306 3014 ῆγε
328 2932 411 2996 κατά
433 2931 532 3017 τάχος
553 2933 615 3017 τῆν
634 2933 779 3015 δύναμιν
796 2933 852 2999 καὶ
874 2935 950 2998 τινὰ
972 2931 1034 3014 μέν
1051 2941 1120 2996 τών

98 3037 369 3124 ἀφηρπασμένων
392 3038 553 3123 ἀνέσωσε,
576 3049 644 3104 τών
666 3039 704 3105 δέ
726 3041 891 3105 πλείστων
914 3040 947 3104 ολ
964 3037 1120 3120 Νομάδες

98 3143 273 3231 ἐκυρίευον
291 3146 346 3211 καί
364 3146 485 3222 νυκτὸς
503 3144 738 3230 ἐπιγενομένης
755 3147 885 3232 μακράν
901 3144 1040 3222 έαυτοὺς
1054 3142 1119 3222 ἐξε-

169 3303 185 3357 1
204 3303 269 3371 περλ
287 3298 374 3357 αὐτὸν
392 3302 425 3356 Χ.
498 3303 517 3358 4
539 3302 567 3359 οἱ
590 3319 643 3358 om.
662 3304 692 3357 F.
765 3303 783 3357 5
802 3300 927 3358 Κλείνων
945 3303 980 3368 Ἐς
1005 3302 1119 3356 aliunde

97 3389 153 3427 non
172 3377 263 3429 notus.
336 3374 354 3427 ό
375 3370 550 3444 ἐγκειμένους
567 3375 598 3428 F.
670 3375 688 3430 8
714 3374 741 3429 οἱ
764 3374 795 3429 δὲ
818 3371 1048 3442 περιλειφθέντες
1069 3375 1123 3423 αό-

97 3451 153 3497 τῶν
177 3444 208 3499 λ’.
285 3445 320 3500 11
346 3443 509 3517 βιαζόμενος
533 3447 564 3516 F,
590 3463 661 3501 cort.
684 3452 712 3501 2.
730 3464 774 3502 m.
849 3446 895 3498 Ϋλι
918 3441 1041 3495 οἱᾙ
1052 3441 1149 3491 mss.

97 3513 133 3568 18
146 3515 180 3568 οά
190 3515 249 3640 μχν
261 3515 340 3587 ἐληγε
354 3537 385 3589 γε
398 3525 449 3590 τῆς
462 3515 566 3591 τόλμης
577 3518 700 3575 Κοὶελῑο.
734 3518 773 3572 U
792 3512 857 3570 ολόυ
867 3514 911 3566 λδ.
931 3509 989 3593 J&
1000 3495 1199 3608 π’ὣῦξζ

87 3583 127 3637 27
139 3583 207 3653 έκνρ
219 3603 308 3644 ουσαν
321 3589 353 3646 F.
392 3591 671 3663 καλ-ἐξετόπισαν
690 3589 804 3657 (ωουλδ,
816 3583 924 3654 mmx-
933 3581 1090 3632 mmm*
