2460 3848
115 185 180 251 316
459 180 790 236 Diodor.XX99-101.

115 328 339 393 διαλύσασθαι
371 329 454 414 πρὸς
482 326 685 411 Ἀντίγονον,
722 327 864 403 ἅπαντες
900 323 1020 410 ἔρεπον
1051 329 1135 411 πρὸς

79 436 176 519 ετήν
212 438 356 521 εἰρήνην.
411 431 490 500 καθ’
520 433 561 499 ὃν
597 434 638 517 δή
670 435 795 518 χρόνον
826 440 887 497 τοῦ
919 442 1035 499 κοινοῦ
1067 446 1135 500 τῶν

113 544 275 607 Αἰτωλῶν
308 541 564 617 ἀποστείλαντος
599 540 804 624 πρεσβευτάς
840 539 917 624 περί
948 541 1136 607 διαλύσεων

114 650 147 713 οἰ
165 646 284 714 Ῥόδιοι
308 647 492 713 συνέθεντο
515 649 598 731 πρὸς
620 650 816 733 Δημήτριον
838 644 893 711 ἐπὶ
919 647 1046 730 τοίσδε,
1076 648 1136 713 αύ-

113 758 257 838 τόνομον
288 754 344 819 καί
376 754 591 840 ἀφρούρητον
621 747 707 818 εἶναι
738 756 800 838 τήν
829 755 929 818 πόλιν
960 753 1015 818 καί
1047 749 1136 838 ἔχειν
1169 777 1182 816 ι

113 863 171 939 τοίς
195 863 281 938 ἰδίας
303 862 502 945 προσόδους,
525 869 709 943 συμμαχεῖν
733 861 770 924 δὲ
789 858 936 936 Ῥοδίους
954 857 1135 949 Ἀντιγόνῳ

113 971 201 1053 πλήν
219 966 278 1034 ἐάν
297 967 351 1033 όπί
371 972 581 1049 Πτολεμαῖον
599 967 825 1052 στρατεύηται,
848 967 904 1032 καί
925 968 1045 1032 δοῦναι
1067 979 1136 1033 τῶν

113 1079 259 1140 πολιτῶν
273 1075 418 1159 ὁμήρους
437 1073 555 1141 ἑκατὸν
570 1073 628 1150 οὓς
643 1073 685 1138 ἀν
699 1073 931 1160 ἀπογράψηται
944 1077 1135 1161 Δημήτριος

113 1183 201 1266 πλήν
223 1193 291 1248 τῶν
314 1181 416 1268 ἀρχάς
439 1180 592 1266 ἐχόντων.

36 1288 99 1352 100
188 1290 230 1353 Οἰ
243 1289 304 1371 μὲν
319 1283 382 1354 οὖν
392 1286 511 1353 Ῥόδιοι
527 1285 806 1371 πολιορκηθέντες
825 1286 997 1352 ἐνιαύσιον
1010 1289 1136 1373 χρόνον
1155 1313 1182 1352 1⁰

113 1397 219 1483 τούτῳ
247 1407 292 1482 τῷ
320 1397 431 1482 τρόπῳ
458 1395 682 1460 κατελύσαντο
710 1395 770 1459 τὸν
794 1396 948 1476 πόλεμον.
994 1396 1073 1472 τοὺς
1101 1395 1132 1460 δ’

113 1501 235 1579 ἐντοῖς
253 1503 425 1579 κινδύνοις
444 1502 569 1586 ἀνδρας
588 1501 739 1584 ἀγαθούς
756 1501 958 1584 γενομένους
976 1499 1135 1585 ἐτίμησαν

112 1619 184 1686 ταῖς
206 1607 312 1687 ἀξίαις
334 1610 474 1695 δωρεαίς
496 1609 552 1673 καί
574 1619 642 1675 τῶν
663 1609 796 1674 δούλων
818 1611 897 1685 τοὺς
920 1609 1135 1695 ἀνδραγαθή-

77 1733 93 1780 2
113 1732 235 1792 σαντας
257 1715 452 1797 ἐλευθερίας
474 1715 529 1779 καί
552 1718 718 1791 πολιτείας
740 1713 893 1797 ήξίωσαν.
931 1713 1074 1800 ἔστησαν
1097 1717 1136 1782 δὲ
1222 1730 1229 1779 ἰ

112 1823 168 1887 καί
194 1831 261 1887 τῶν
284 1820 449 1905 βασιλέων
473 1824 604 1899 εἰκόνας
626 1820 831 1906 Κασάνδρου
858 1823 914 1887 καί
937 1823 1133 1908 Λυσιμάχου
1155 1845 1180 1886 ιε

113 1928 196 2013 [καί]
223 1938 291 1993 τῶν
319 1930 584 2012 δευτερευόντων
611 1927 673 2010 μὲν
695 1937 767 2004 ταῖς
794 1925 920 2011 δόξαις,
948 1933 1134 2015 συμβεβλη-

77 2034 222 2117 εμένων
241 2035 278 2100 δὲ
300 2036 425 2119 μεγάλα
448 2037 531 2121 πρὸς
554 2037 615 2120 τήν
633 2045 690 2118 της
713 2037 839 2111 πόλεως
862 2039 1036 2121 σωτηρίαν.
1073 2040 1135 2103 τὸν

112 2142 150 2206 δὲ
168 2147 379 2225 Πτολεμαῖον
402 2141 439 2208 ἐν
463 2141 684 2207 ἀνταποδόσει
707 2144 856 2224 μείζονος
877 2142 1010 2226 χάριτος
1033 2143 1134 2229 ὑπερ-

111 2248 297 2332 βάλλεσθαι
319 2251 520 2331 βουλόμενοι
541 2251 694 2332 θεωροὺς
717 2247 913 2314 ἀπέστειλαν
936 2251 983 2325 εἰς
1000 2250 1134 2334 Λιβύην

112 2359 190 2433 τοὺς
213 2354 480 2441 ἐπερωτήσοντας
503 2357 540 2421 τὸ
563 2352 641 2441 παρ’
656 2352 806 2438 ’Ἀμμωνι
827 2365 984 2438 μαντεῖον
1003 2358 1033 2422 εἰ
1051 2373 1133 2440 συμ-
1153 2379 1180 2420 ει

76 2463 267 2545 κβουλεύει
285 2461 422 2539 Ῥοδίοις
445 2466 656 2544 Πτολεμαῖον
684 2463 728 2539 ὡς
755 2464 840 2528 θεὸν
865 2473 1006 2548 τιμήσαι.
1053 2480 1134 2549 συγ-

113 2568 372 2651 κατατιθεμένου
401 2568 439 2633 δὲ
466 2579 526 2634 τοῦ
554 2572 755 2655 χρηστηρίου
783 2569 918 2651 τέμενος
946 2570 1073 2655 ἀνήκων
1096 2570 1134 2637 ἐν

111 2685 151 2761 τή
188 2678 283 2741 πόλει
319 2675 538 2761 τετράγωνον,
575 2677 852 2760 οἰκοδομήσαντες
883 2675 961 2760 παρ’
991 2676 1133 2762 ἑκάστην

112 2783 260 2866 πλευράν
293 2783 394 2847 στοάν
427 2784 612 2866 σταδιαίαν,
649 2783 666 2847 ὃ
699 2786 974 2870 προσηγόρευσαν
1006 2789 1133 2850 Πτολε-

112 2899 219 2971 μαίον.
279 2889 539 2977 ἀνῳκοδόμησαν
575 2891 613 2955 δὲ
649 2891 704 2955 καί
740 2892 777 2956 τὸ
814 2889 960 2976 θέατρον
996 2892 1052 2956 καί
1092 2894 1133 2958 τά
1151 2912 1179 2953 τε

112 2997 304 3061 πεπτωκότα
334 3007 402 3061 τῶν
434 3008 551 3082 τειχῶν
582 2997 638 3062 καί
669 3007 736 3062 τῶν
768 2998 879 3062 ἀλλων
910 2999 1022 3063 τόπων
1053 3001 1133 3076 τοὺς

183 3189 199 3242 l
225 3189 326 3257 ἔρεπον
353 3189 427 3245 libri.
506 3190 524 3244 3
549 3193 614 3259 post
639 3191 792 3246 διαλύσεων
817 3192 882 3244 add.
902 3192 923 3245 F
947 3189 982 3260 ἣν
1007 3192 1131 3262 εἰρήνην.

112 3261 147 3314 15
164 3259 340 3330 Πτολεμαίου
358 3263 407 3315 καί
426 3267 459 3316 Κ.
480 3262 528 3315 καί
547 3269 578 3316 Λ.
598 3262 629 3314 F.
703 3263 738 3316 1ss
762 3263 833 3386 [ναξ
859 3264 912 3318 del.
932 3263 1020 3317 Wess.
1074 3272 1132 3318 τῶν

111 3331 161 3400 μὲν
181 3335 252 3386 δεντ.
270 3333 302 3386 X.
368 3333 402 3387 18
421 3332 451 3386 ἐν
471 3333 664 3387 ἀνταποδόσει
682 3333 794 3402 χάριτος
835 3377 840 3387 .
878 3331 1087 3406 ὑπερβαλέσθαι
1101 3336 1131 3390 F.

101 3403 141 3455 21
166 3401 419 3474 συγκαταθεμένου
437 3405 467 3457 F.
540 3404 575 3458 22
601 3403 631 3458 ἐν
656 3409 690 3476 τῇ
715 3402 794 3459 πόλει
814 3422 867 3459 om.
889 3407 919 3461 F.
992 3405 1028 3460 24
1046 3407 1132 3461 στοὰν

88 3474 221 3542 πλευράν
248 3477 348 3546 codd.;
376 3494 447 3533 corr.
473 3477 566 3534 Rhod.
623 3479 826 3546 Πτολεμαεῑονῖ
852 3477 936 3530 mnd.
962 3478 1009 3547 (pf.
1034 3476 1131 3547 Steph.

78 3539 144 3606 372·
168 3563 188 3599 s.
208 3564 232 3602 ν.
255 3553 466 3624 Καπετώλιον;
497 3556 528 3609 εἰ
554 3550 592 3608 οἰ.
608 3551 697 3606 Paua.
712 3549 731 3602 λ
748 3554 841 3614 mg
861 3547 921 3601 διο,
936 3547 1038 3599 w
1060 3552 1141 3614 mx.
