2460 3848
449 187 491 243 01.
503 193 602 255 11⁷,12
619 193 670 244 ωε
685 203 710 242 ι.
722 187 784 242 ehr.
1062 192 1124 256 131

107 335 184 421 περί
207 335 310 400 αὐτὸν
335 334 444 411 ίππείς
467 331 657 410 ἐπιλέκτους
679 333 884 418 διακοσίους,
912 331 949 399 ἐν
972 327 1022 411 οἷς
1041 330 1127 418 ἦσαν

107 443 143 508 οἵ
169 465 204 507 τε
235 443 329 507 άλλοι
360 443 454 525 φίλοι
477 440 598 518 πάντες
620 440 676 507 καί
699 443 824 507 Πίθων
846 440 865 506 δ
889 457 1127 527 συνεστρατευ·

107 549 206 633 μένος
235 549 297 631 μὲν
322 544 538 636 Ἀλεξάνδρῳ,
561 547 869 632 συγκαθιστάμενος
892 547 930 614 δὲ
951 547 1008 613 ὑπ’
1022 545 1127 615 Ἀντι-

107 657 210 741 γόνου
235 656 417 742 στρατηγὸς
438 655 494 721 καί
516 666 583 721 τῶν
603 655 692 721 ὅλων
713 654 856 740 μέτοχος.
898 651 1071 741 πρόταγμα
1089 656 1160 723 δὲκ

77 773 196 849 ιτρείς
228 762 317 840 ε’ίλας
351 763 477 828 ίππέων
513 759 627 840 ἔταξεν
657 763 713 828 καί
744 761 1038 846 πλαγιοφυλάκους
1069 765 1126 840 τάς

108 869 182 946 ἔσας
213 869 268 935 καί
295 869 395 955 χωρίς
424 866 484 947 ἔξω
514 877 574 934 τοῦ
602 869 739 955 κέρατος
766 865 1014 952 ἀπολελυμένας
1039 880 1127 954 τρεῖς

113 978 337 1062 Ταραντίνων,
367 973 444 1041 ὥστ’
467 969 555 1041 εἷναι
581 978 661 1053 τούς
689 977 766 1061 περὶ
792 977 830 1041 τὸ
859 986 952 1059 σῶμα
974 976 1127 1061 τεταγμέ-

108 1106 190 1160 νους
219 1083 328 1160 ίππείς
350 1078 581 1169 ξυστοφόρους
602 1083 664 1167 μὲν
687 1085 940 1168 πεντακοσίους,
968 1087 1127 1169 Ταραντί-

108 1213 190 1266 νους
219 1188 257 1255 δὲ
286 1188 414 1257 ἑκατόν.
456 1189 529 1274 ἑξῆς
556 1186 587 1255 δ’
610 1186 702 1267 ἔταξε
724 1201 792 1255 τῶν
821 1189 947 1256 ίππέων
970 1193 1048 1268 τοὺς
1070 1208 1162 1257 κα-τι

64 1320 91 1359 ιο
110 1295 292 1379 λουμένους
313 1297 375 1381 μὲν
398 1296 566 1382 ἑταίρους,
594 1297 693 1374 ὄντας
718 1296 756 1361 δὲ
778 1297 839 1362 τὸν
862 1296 1009 1382 ιἰρνδμὸν
1033 1297 1127 1363 ὀκτα-

107 1405 256 1489 κοσίους,
292 1406 373 1488 μετὰ
409 1405 447 1470 δὲ
483 1405 623 1481 τούτους
654 1404 889 1481 παντοδαποὺς
925 1404 1033 1481 ἱππεῖς
1065 1404 1127 1470 ούκ

108 1508 263 1588 ἐλάττους
293 1521 362 1577 τῶν
393 1513 509 1597 χιλίων
541 1513 778 1577 πεντακοσίων.
832 1512 897 1597 πρὸ
934 1511 1058 1588 παντὸς
1089 1511 1127 1576 δὲ

106 1625 166 1683 τοῦ
194 1617 330 1703 κέρατος
358 1615 474 1703 ἔστησε
501 1629 569 1684 τῶν
592 1617 783 1703 ἐλεφάντων
805 1618 982 1704 τριάκοντα
1009 1617 1065 1683 καί
1087 1620 1128 1683 τά

107 1725 310 1810 διαστήματα
342 1724 453 1790 αὐτῶν
484 1723 655 1811 ἐπλήρωσε
686 1734 756 1801 τοῖς
783 1730 927 1804 ψιλικοῖς
954 1724 1127 1809 τάγμασιν,

63 1852 89 1892 ιι
107 1825 259 1916 ὤνησαν
278 1831 468 1898 ἀκοντισταί
488 1831 550 1915 μὲν
572 1831 628 1897 καί
650 1829 780 1908 τοξόται
802 1833 917 1916 χίλιοι,
941 1832 1128 1917 σφενδονῆ·

106 1962 160 2004 ται
192 1939 230 2004 δὲ
262 1938 392 2024 Πέρσαι
423 1940 643 2004 πεντακόσιοι.
695 1938 733 2003 τὸ
765 1937 826 2020 μὲν
858 1932 920 2003 οὖν
953 1939 1163 2021 εύάνυμονι.

106 2044 205 2131 κέρας
227 2044 314 2111 οὕτω
337 2045 583 2122 κατασκευάσας
605 2045 766 2111 διενοεῖτο
788 2045 895 2132 τούτφ
917 2047 1046 2129 κρίνειν
1065 2047 1127 2130 τὴν

107 2152 223 2238 μάχην.
269 2150 430 2238 ἐχομένην
457 2141 487 2217 δ
505 2149 621 2236 ἔστησε
648 2154 711 2237 τὴν
737 2161 805 2218 τῶν
827 2154 933 2230 πεζῶν
962 2150 1127 2236 φάλαγγα,

108 2270 322 2325 συνεστῶσαν
340 2257 373 2336 ἐξ
392 2257 527 2344 ἀνδρῶν
544 2262 675 2344 μυρίων
693 2261 822 2344 χιλίων·
840 2258 969 2323 τούτων
985 2258 1023 2324 δὲ
1040 2255 1127 2343 ἦσαν

63 2385 89 2426 ιο
107 2367 302 2444 Μακεδόνες
334 2364 395 2448 μὲν
424 2366 596 2451 δισχίλιοι,
627 2366 749 2431 Λύκιοι
778 2366 816 2431 δὲ
844 2365 900 2431 καί
930 2365 1127 2450 Παμφύλιοι

106 2475 222 2558 χίλιοι,
249 2474 455 2558 μισθοφόροι
478 2471 509 2537 δ’
527 2472 770 2558 ὀκτακισχίλιοι.
816 2470 870 2538 ἐπί
893 2472 931 2537 δὲ
953 2473 991 2537 τὸ
1016 2471 1127 2550 δεξιὸν

107 2579 204 2666 κέρας
227 2577 317 2658 ἔταξε
339 2582 418 2656 τοὺς
442 2581 579 2655 λοιπούς
604 2580 712 2656 ἱππεῖς
732 2581 860 2664 χιλίους
878 2582 1127 2665 πεντακοσίους,

54 2681 163 2752 εθιῶν
189 2685 401 2773 Ἀνδρόνικος
429 2687 549 2770 ἡγεῖτο.
597 2686 703 2773 τούτφ
736 2683 767 2750 δ’
791 2681 834 2769 ἦν
864 2687 1128 2770 συντεταγμένον

108 2791 209 2878 λοξὴν
232 2793 412 2878 φυλάττειν
434 2794 496 2877 την
520 2791 636 2857 στάσιν
658 2791 714 2857 καί
742 2803 959 2878 φυγομαχεῖν,
986 2794 1127 2879 καραδο-

62 2921 89 2961 ιι
107 2908 232 2966 κούντα
254 2901 315 2984 τὴν
339 2896 382 2965 δι’
402 2899 505 2965 αύτού
529 2897 710 2984 γινομένην
732 2902 852 2985 κρίσιν.
897 2902 976 2976 τοὺς
999 2900 1037 2964 δὲ
1060 2904 1128 2964 λοι-

107 3009 192 3084 πούς
209 3017 277 3072 τῶν
296 3005 487 3091 ἐλεφάντων
504 3006 732 3092 τρεισκαίδεκα
753 3003 869 3091 ἔστησε
892 3007 956 3092 πρὸ
980 3013 1038 3089 τῆς
1061 3016 1128 3071 τῶν

179 3200 196 3254 1
223 3195 310 3255 αὑτὸν
334 3199 418 3254 Dind.
491 3198 510 3255 δ
532 3196 793 3269 συγκαθεσταμένος
816 3200 899 3254 Dind.
973 3197 990 3251 ὅ
1013 3200 1128 3268 πλαγιο-

108 3270 253 3340 φυλάκους
271 3269 334 3338 RX3
352 3271 583 3341 πλαγιοφύλακας
601 3271 636 3337 Ρς
656 3271 690 3326 cf.
709 3269 774 3325 XIX
792 3276 835 3338 28,
850 3276 875 3325 3.
932 3270 950 3323 6
968 3270 1128 3339 ἀπολελειμ-

108 3339 194 3412 μένας
218 3343 249 3408 F,
275 3358 344 3397 corr.
368 3348 392 3396 2.
412 3360 448 3396 m,
530 3342 564 3397 17
590 3342 689 3414 τούτῳ]
719 3340 790 3398 ούτω
815 3343 903 3414 τούτῳ
922 3341 952 3395 F.
1008 3338 1136 3408 κρίνεινζ

108 3422 216 3481 κρινεῖν
229 3413 255 3467 Χ
274 3415 338 3468 cett.
354 3421 457 3481 κινεῑν;
477 3414 639 3468 coniectura
652 3430 750 3468 verum
762 3415 915 3468 mmm
927 3415 996 3465 ουτω
1001 3409 1154 3459 Q‘m‘mz.

108 3484 144 3539 19
163 3493 334 3541 συνιστῶσαν
351 3485 382 3541 F.
427 3505 455 3556 μ.
470 3485 520 3541 καὶ
538 3482 635 3559 χιλίων
652 3486 689 3544 E.
761 3485 804 3542 ‘m
824 3481 985 3553 &to’fimuQ
998 3466 1179 3546 χλλιοιῦ-

104 3555 144 3610 23
159 3557 302 3625 donarem
317 3556 355 3626 F‚·
374 3557 563 3628 τρισκαίδεκα
582 3561 678 3620 Dind.

1001 3648 1041 3700 Q*
