2460 3848
137 205 199 270 166
464 202 578 257 medor,
588 201 652 255 XIX
668 206 825 256 τοι-ιον.

99 366 115 414 5
135 347 395 432 απειλησάμενος
413 350 666 433 τιμωρήσασθαι
683 349 762 424 τοὺς
780 347 1035 433 ἀπειθήσαντας.
1071 351 1156 434 ταχὺ

135 455 172 521 δὲ
199 455 335 520 πάντων
361 454 557 540 πραξάντων
579 456 617 519 τὸ
645 455 858 540 προσταχθὲν
881 456 937 521 διὰ
961 456 1022 520 τὸν
1045 456 1157 539 φόβον

134 562 310 648 χρημάτων
342 585 376 626 τε
409 567 539 645 πλῆθος
569 563 711 647 ήθροισε
742 564 798 627 καί
829 570 910 638 πᾶσι
942 571 1011 638 τοῖς
1043 584 1158 627 ταττο-

134 669 246 751 μένοις
268 667 327 754 ὑφ’
345 668 465 734 ἑαυτὸν
486 668 602 752 δεινήν
621 666 793 752 ἐνεποίησε
811 667 1020 752 κατάπληξιν.
1058 667 1159 746 δόξας

135 773 166 840 δ’
188 777 356 861 ὠμότερον
382 782 566 862 κεχρήσθαι
594 784 655 840 τοῦ
682 777 890 859 καθήκοντος
915 785 985 851 τοῖς
1013 776 1159 862 Γελῴοις
1191 801 1202 842 ι

133 886 213 959 τοὺς
248 882 309 964 μὲν
345 882 600 968 ἀποσφαγέντας
636 883 683 959 είς
718 884 777 958 τὰς
813 879 906 958 ἐκτὸς
938 892 1006 947 τῶν
1037 893 1159 966 τειχῶν

133 978 283 1075 τάφρους
306 988 505 1074 συνέχωσεν,
529 988 566 1055 ἐν
589 989 627 1054 δὲ
649 998 689 1074 τῇ
713 991 808 1054 πόλει
830 990 891 1073 τήν
914 990 1032 1073 ἱκανήν
1051 1012 1159 1074 φρου-

56 1095 119 1161 108
135 1097 199 1180 ράν
222 1096 394 1161 ἀπολιπὼν
413 1095 753 1182 ἀντεστρατοπέδευσε
776 1106 845 1173 τοῖς
867 1098 1045 1178 πολεμίοις.
1080 1119 1159 1161 κατ-

135 1213 226 1288 εῖχον
258 1203 296 1268 δέ
327 1204 555 1289 Καρχηδόνιοι
586 1203 648 1287 μέν
678 1205 739 1268 τὸν
761 1201 930 1286 Ἔκνομον
962 1205 1081 1289 λόφον,
1117 1203 1159 1270 ὅν

135 1327 218 1394 φασι
246 1311 413 1396 φρούριον
439 1319 643 1395 γεγενῆσθαι
673 1311 869 1395 Φαλάριδος.
919 1310 1090 1397 ἐντούτῳ
1119 1310 1158 1377 δὲ
1178 1338 1204 1378 10

134 1417 263 1502 λέγεται
287 1416 562 1483 κατεσκευακέναι
588 1420 649 1484 τὸν
671 1418 840 1503 τύραννον
863 1425 988 1502 ταῦρον
1009 1422 1159 1501 χαλκοῦν

133 1526 194 1590 τὸν
217 1523 479 1609 διαβεβοημένον
506 1525 590 1610 πρὸς
616 1527 674 1603 τάς
701 1537 769 1591 τῶν
791 1523 1085 1608 βεβασανισμένων
1110 1547 1159 1589 τι-

134 1633 273 1717 μωρίας,
305 1630 550 1714 ὑποκαιομένου
580 1640 640 1697 τοῦ
667 1630 987 1714 κατασκευάσματος·
1020 1631 1073 1696 διὸ
1101 1631 1158 1697 καλ

134 1739 195 1802 τὸν
225 1739 330 1803 τόπον
353 1736 521 1821 Ἔκνομον
558 1739 622 1805 ἀπὸ
660 1750 717 1824 τής
754 1741 801 1816 είς
836 1741 915 1815 τοὺς
952 1738 1159 1822 ἀτυχοῦντας

99 1860 115 1908 2
135 1843 287 1927 ἀσεβείας
305 1852 607 1932 προσηγορεῦσθαι.
644 1844 681 1911 ἐκ
699 1845 738 1910 δὲ
754 1845 901 1932 θατέρου
923 1837 1044 1931 μέρους
1063 1843 1159 1928 Ἀμα-
1178 1871 1203 1912 ιτ

134 1957 261 2036 θοκλής
284 1951 398 2039 ἕτερον
420 1963 488 2018 τῶν
514 1953 702 2037 Φαλάριδος
725 1951 958 2037 γεγενημένων
982 1954 1158 2037 φρουρίων

134 2068 277 2143 κατεῖχε,
299 2060 337 2124 τὸ
360 2059 637 2146 προσαγορευθὲν
661 2056 715 2123 ἀπ’
734 2057 864 2124 ἐκείνου
887 2059 1064 2144 Φαλάριον.
1102 2060 1159 2125 καί

135 2165 192 2230 διά
219 2165 330 2247 μέσων
357 2166 418 2248 μέν
445 2178 513 2232 τῶν
535 2168 755 2250 παρεμβολῶν
777 2162 821 2249 ἦν
844 2167 1004 2249 ποταμός,
1031 2165 1072 2231 δν
1098 2166 1159 2249 άμ-

135 2274 272 2358 φότεροι
304 2275 479 2359 πρόβλημα
506 2284 574 2339 τῶν
605 2274 773 2355 πολεμίων
805 2271 1017 2357 ἐπεποίηντο,
1050 2282 1159 2358 φήμαι

135 2379 173 2443 δὲ
202 2389 355 2464 κατεῖχον
384 2378 439 2445 ἐπὶ
468 2389 536 2444 τῶν
565 2378 736 2464 προτέρων
763 2382 895 2465 χρόνων
923 2380 974 2445 ότι
1000 2381 1054 2445 δεῖ
1080 2381 1158 2466 περὶ
1176 2405 1203 2445 το

135 2487 194 2550 τὸν
214 2488 319 2551 τόπον
336 2494 459 2551 τοῦτον
476 2491 607 2570 πλῆθος
625 2486 817 2572 ἀνθρώπων
840 2485 878 2552 ἐν
900 2487 986 2576 μάχη
1009 2487 1158 2579 διαφθα-

136 2600 241 2676 ρήναι.
279 2592 341 2657 οῦκ
359 2593 456 2670 όντος
475 2593 513 2658 δέ
532 2602 681 2680 φανεροῦ
700 2591 776 2678 παρ’
792 2593 963 2680 ὁποτέροις
983 2596 1159 2677 γενήσεται

135 2699 171 2762 τὸ
200 2698 363 2783 ἀτύχημα,
392 2699 569 2782 συνέβαινε
597 2701 856 2783 δεισιδαιμονεῖν
882 2702 923 2765 τά
951 2703 1159 2785 στρατόπεδα

100 2822 115 2870 3
134 2806 189 2870 καί
208 2807 291 2890 πρὸς
309 2806 416 2892 μάχην
435 2807 584 2893 ὀκνηρῶς
602 2805 698 2893 ἔχειν.
736 2808 852 2894 διόπερ
876 2805 931 2872 ἐπὶ
953 2809 1062 2872 πολὺν
1080 2810 1159 2893 χρό-

134 2936 196 2977 νον
215 2912 385 2998 οὐδέτεροι
403 2916 463 2980 τὸν
481 2916 630 2997 ποταμὸν
649 2913 797 2996 ἐτόλμων
811 2915 998 2996 διαβαίνειν
1012 2913 1155 2999 ἀθρόοις
1159 2910 1211 3021 «III

205 3142 222 3196 1
241 3142 447 3212 τιμωρήσεσθαι
465 3143 549 3197 Dind.
582 3142 789 3211 ἀπαιτήσοντας
807 3142 837 3195 F.
897 3141 997 3204 ὅτοῦς
1011 3141 1159 3210 καθήκον-

133 3233 184 3275 τας
201 3213 232 3266 F.
287 3212 372 3270 δτδν
390 3214 440 3283 μέν
459 3215 489 3267 F.
542 3214 578 3269 13
596 3211 792 3283 ῦποκαομένου
811 3212 844 3268 X.
895 3213 929 3267 17
946 3213 1100 3284 Φαλάριον]
1121 3214 1158 3269 cf,

133 3283 294 3355 Schubring
312 3285 365 3341 Rh.
380 3286 417 3339 M.
436 3285 552 3338 XXVIII
570 3304 597 3354 p.
615 3291 674 3340 135.
745 3285 780 3339 18
800 3281 933 3353 διαμέσον
951 3284 980 3338 F.
1019 3282 1158 3357 ποταμός]

132 3355 264 3410 Himeras
291 3356 364 3424 scil.;
390 3356 424 3410 cf.
447 3355 511 3408 XIX
531 3362 636 3422 109‚4;
659 3355 710 3410 XX
729 3362 754 3422 3,
770 3361 793 3408 1.
850 3351 1103 3427 ὦ-προβλήματα
1126 3357 1158 3411 F.

125 3426 169 3479 20
184 3426 246 3498 ἐπὶ]
264 3425 323 3483 ἀπὸ
340 3428 431 3483 Hertl.
446 3428 501 3481 112
521 3447 548 3498 p.
565 3434 597 3482 17
618 3428 672 3498 (vel
691 3426 731 3495 ἐκ)
751 3429 780 3480 et
798 3426 891 3480 Madv,
906 3426 918 3478 I
936 3445 964 3496 p.
980 3432 1041 3481 512.
1087 3446 1160 3495 προ-

112 3492 224 3622 τέρωτχ
240 3501 380 3557 usitatius
399 3498 541 3573 πρότερον
565 3501 612 3574 (of.
630 3497 792 3555 Kanenm
805 3516 837 3567 ρ.
849 3501 953 3567 λῦεωη.
1023 3498 1059 3551 25
1082 3497 1160 3554 ἐτόλ-

61 3613 66 3622 ,
92 3581 179 3628 Mvv
244 3574 330 3643 (corr.
355 3582 378 3631 2.
395 3579 448 3650 m.)
467 3576 496 3631 X
518 3576 566 3650 (ef.
581 3571 804 3631 Winer·Sehm.
821 3570 941 3638 μελέη.
