2460 3848
426 146 580 238 01.1'16‚1=
601 176 653 226 ειε
668 187 694 225 a.
705 169 768 227 chr.
1067 173 1108 239 75

86 319 168 384 όντα
200 326 258 402 τῆς
285 317 436 402 Μηδίας,
466 315 748 400 πεπολιτευμένον
778 317 816 382 δὲ
845 319 928 403 πρὸς
955 317 1045 382 ἅπαν
1071 318 1110 383 τὸ

86 424 321 508 στρατόπεδον.
358 423 434 489 ὁδε
452 426 577 489 Πίθων
599 422 759 508 ἐτύγχανε
781 423 844 507 μὲν
866 423 904 490 ἐν
926 434 996 502 τοῖς
1016 423 1145 509 ἐσχάε

86 556 157 610 τοις
192 531 306 615 μέρεσι
342 539 400 615 τῆς
433 531 568 615 Μηδίας
601 531 762 616 χειμάζων
793 532 849 597 καί
880 537 1011 615 πλῆθος
1046 530 1110 615 ῆδη

87 639 302 724 διεφθαρκὼς
342 649 410 703 τῶν
450 636 745 722 ἐπαγγελλομένων
786 641 1111 722 συναποστήσεσθαι,

54 747 288 833 εγραφόντων
318 739 349 809 δ’
376 745 465 833 αὐτῷ
495 756 563 811 τῶν
593 746 702 830 φίλων
724 746 891 832 περὶτῶν
917 744 1110 829 Ἀντιγόνου

86 851 314 939 προαιρέσεων
340 853 396 917 καί
423 851 566 935 μεγάλας
594 851 864 939 ὑπογραφόντων
893 851 1030 929 ἐλπίδας
1062 849 1111 929 ἐξ·

87 960 270 1044 απατηθείς
292 969 404 1037 κεναίς
425 959 641 1045 προσδοκίαις
662 955 721 1043 ῆκε
744 961 828 1046 πρὸς
845 959 1046 1043 Ἀντίγονον.
1093 958 1111 1024 ὁ
1130 977 1146 1026 4

87 1067 126 1133 δέ
148 1068 326 1153 κυριεύσας
348 1074 409 1131 τοῦ
431 1066 580 1148 σώματος
597 1066 654 1131 καί
671 1069 874 1152 κατηγορίαν
891 1066 1113 1151 ποιησάμενος

87 1172 125 1240 ἐν
156 1183 227 1250 τοῖς
257 1171 431 1257 μετέχουσι
462 1181 523 1238 τοῦ
554 1174 734 1259 συνεδρίου
764 1173 889 1262 ῥαδίως
919 1173 1112 1239 κατεδίκασε

42 1303 69 1344 ιο
87 1281 143 1346 καὶ
165 1290 363 1366 παραχρῆμα
386 1279 586 1346 ἀπέκτεινεν.
630 1282 831 1365 συναγαγὼν
854 1280 893 1345 δὲ
914 1281 952 1346 τὸ
976 1281 1147 1363 στρατόσ

86 1387 192 1453 πεδον
210 1389 257 1465 είς
276 1386 335 1452 ἕνα
353 1388 458 1452 τόπον
477 1386 649 1472 σατράπην
666 1387 728 1470 μὲν
741 1385 891 1465 ἀπέδειξε
905 1397 963 1471 τῆς
976 1388 1113 1470 Μηδίας

84 1490 326 1579 Ὀροντοβάτην
337 1495 472 1578 Μῆδον,
487 1495 673 1579 στρατηγὸν
686 1494 724 1560 δέ
734 1492 983 1579 Ἱππόστρατον,
994 1491 1113 1578 έχοντα

87 1603 206 1679 πεζοὺς
234 1601 296 1684 μὲν
326 1598 442 1678 ξένους
470 1602 673 1687 τρισχιλίους
700 1599 967 1678 πεντακοσίους*
1013 1600 1147 1678 αὐτὸςε

88 1707 127 1773 δὲ
159 1707 336 1791 ἀναλαβὼν
367 1710 429 1793 τῆν
462 1708 607 1791 δύναμιν
636 1714 811 1794 παρῆλθεν
843 1711 890 1786 είς
918 1705 1112 1791 Ἐκβάτανα,

42 1837 69 1880 ιε
87 1813 238 1881 ἐνταῦθα
260 1815 298 1880 δέ
320 1816 524 1900 παραλαβὼν
547 1814 676 1899 ἀσήμου
699 1815 849 1901 ἀργύρου
872 1816 1017 1881 τάλαντα
1035 1836 1113 1880 πεν-

87 1924 273 2008 τακισχίλια
295 1932 443 2007 προῆγεν
465 1920 521 1987 ἐπί
542 1931 601 2006 τῆς
623 1923 806 2008 Περσίδος,
829 1923 932 2007 οὔσης
953 1933 1011 2007 τῆς
1034 1921 1113 1987 ἄνα-

88 2029 216 2113 βάσεως
247 2029 292 2105 ὡς
324 2027 366 2094 δν
399 2028 525 2094 ε’ίκοσιν
556 2029 689 2114 ἡμερῶν
721 2030 770 2106 είς
800 2029 839 2094 τὸ
875 2031 1057 2112 βασίλειον,
1094 2028 1112 2093 ὃ

87 2142 235 2202 καλείται
257 2135 474 2221 Περσέπολις.

165 2249 232 2308 Τοῦ
252 2239 282 2308 δ’
302 2239 496 2326 Ἀντιγόνου
515 2241 593 2307 καθ’
609 2241 692 2307 ὁδὸν
710 2242 808 2318 όντος
826 2243 858 2307 ολ
876 2250 936 2307 τοῦ
951 2243 1112 2320 Πίθωνος
1122 2241 1164 2306 47

42 2345 189 2458 ῗὲηφίλοι
216 2351 272 2416 καί
301 2351 534 2435 μετεσχηκότες
562 2357 621 2433 τῆς
647 2346 841 2433 ἐπιβουλῆς,
865 2344 914 2414 ὧν
935 2345 1022 2433 ῆσαν
1044 2347 1113 2415 ἐπι-

89 2455 290 2542 φανέστατοι
312 2455 509 2542 Μελέαγρος
538 2455 594 2521 καί
623 2458 808 2539 Μενοίτας,
837 2458 1006 2541 ῆθροισαν
1035 2459 1114 2533 τοὺς

88 2562 327 2646 πλανωμένους
347 2575 416 2629 τῶν
434 2563 610 2646 Εὐμενοῦς
632 2585 668 2627 τε
686 2563 742 2628 καί
760 2565 923 2641 Πίθωνος
941 2567 1114 2649 συνῆθων,
1135 2627 1137 2633 .

89 2671 138 2748 είς
160 2670 375 2748 ὀκτακοσίους
401 2672 518 2747 ἱππεῖς.
554 2670 610 2735 καί
632 2671 670 2735 τὸ
691 2670 753 2752 μέν
771 2681 904 2755 πρῶτον
921 2672 984 2755 τῆν
1002 2671 1114 2755 χώραν
1132 2686 1148 2733 2

88 2776 289 2862 ἐλεηλάτουν
306 2788 375 2843 τῶν
392 2778 436 2861 μῆ
453 2777 669 2861 βουλομένων
685 2779 958 2862 συναφίστασθαι
972 2778 1114 2861 Μῆδων,

43 2905 71 2946 ει
88 2886 170 2968 μετά
188 2885 347 2950 δὲταῦτα
364 2886 553 2968 πυθόμενοι
576 2887 958 2969 <καταπεφρονηκότως>
978 2901 1114 2969 στρατο-

162 3113 246 3185 Ῑδέ]
272 3111 300 3168 δ’
324 3110 355 3169 εδ
380 3113 469 3169 Hertl.
488 3113 515 3167 11
533 3120 549 3168 2
570 3132 598 3184 p.
615 3120 648 3169 14
672 3114 719 3184 (ef.
737 3112 800 3166 XIX
820 3118 863 3181 48,
879 3116 918 3183 1)3
943 3115 973 3167 at
997 3112 1031 3166 ef.
1050 3111 1114 3166 XIX

91 3190 134 3252 λθ,
150 3190 179 3252 1;
199 3190 242 3253 79,
257 3191 287 3252 ⁷3
307 3190 350 3252 90,
365 3191 380 3240 ό
400 3185 522 3255 saepius.
577 3185 602 3241 ὅ.
613 3185 631 3239 6
643 3182 926 3255 τῆς-προαιρέσεως
938 3185 969 3238 F.
1022 3185 1114 3238 Ium-

89 3264 155 3319 ναῑς
172 3256 210 3324 R,
230 3273 299 3311 corr.
319 3263 344 3311 2.
359 3274 395 3311 m.
472 3257 508 3311 12
529 3255 683 3329 Ὀροντοβ]
705 3255 914 3327 Ὀθοντοβάτης
939 3256 1061 3310 occurrit
1084 3255 1114 3308 in

89 3328 212 3382 nummis
227 3327 273 3398 (cf.
283 3327 417 3396 Brandis‚
432 3327 586 3397 Mfinzsyst.
600 3346 628 3396 p.
639 3334 691 3383 476
706 3331 777 3398 (238.
789 3333 850 3381 269.
861 3329 943 3396 339».
987 3326 1022 3381 13
1037 3326 1114 3392 θοοὶ-

89 3401 152 3453 tum
176 3415 309 3455 numerus
334 3399 438 3454 lacuna
462 3399 556 3469 perfit.
630 3400 666 3454 14
683 3400 858 3472 παραλαβὼν
874 3397 944 3452 XXX.
1012 3396 1059 3446 x‘xs
1082 3395 1137 3450 λεε-

89 3468 190 3541 γυρίον
207 3469 266 3525 RX.
335 3471 369 3526 17
388 3470 477 3528 είκοοι
495 3471 526 3529 F.
595 3470 634 3529 20
654 3471 792 3547 ἐπιβολῆς
807 3469 915 3526 xm.
975 3465 1021 3517 ‘Pb
1041 3461 1159 3526 (μω

87 3538 323 3615 πεφρονηκότως>
342 3543 409 3599 add.
429 3561 466 3602 ex
484 3544 552 3603 XIX
566 3551 616 3618 93,
630 3553 664 3618 23
684 3551 735 3617 II,
750 3551 781 3601 b.
