2460 3848
110 195 151 260 18
486 191 599 247 Diodor.
609 191 673 245 XIX
688 197 712 247 8.
724 198 748 246 9.

108 337 163 402 καί
185 348 254 415 πῶς
276 335 525 424 προσεφέροντο
548 336 732 423 παρθένοις
754 336 919 423 όρφαναῑς
938 337 993 402 καὶ
1011 361 1129 420 γυναι-

109 442 161 522 ξὶν
183 442 316 529 ἐρήμοις
334 444 396 526 μὲν
414 444 529 521 οὔσαις
546 454 614 510 τῶν
631 444 885 528 βοηθησόντων,
907 445 1130 521 πεπτωκυίαις

74 569 90 617 6
109 549 140 616 δ’
158 550 214 616 ὑπ’
232 550 387 629 ἐξουσίαν
406 551 632 635 αὐτοκράτορα
650 560 717 615 τῶν
735 548 909 635 ἐχθίστων.
946 550 964 616 ὁ
989 547 1019 615 δ’
1034 547 1139 635 Ἀγά·

109 663 235 742 θοκλῆς
273 658 368 723 δυεῖν
404 658 536 744 ἡμερῶν
572 657 783 722 διελθουσῶν
819 655 933 742 ἐπειδή
969 654 1041 723 ποτ’
1073 656 1131 723 ἐπ·

110 765 247 849 ληρῶθη
277 772 336 829 τοῦ
366 765 449 829 κατά
478 775 545 830 τῶν
572 768 718 829 πολιτῶν
746 767 871 849 φόνου,
900 767 979 842 τοὺς
1007 767 1132 862 ζωγρη-
1166 785 1179 826 ι

109 869 233 947 θέντας
269 870 432 957 ἀθροίσας
468 870 697 957 Δεινοκράτην
733 869 795 952 μὲν
831 871 937 955 ἀφῆκε
974 871 1030 935 διά
1067 872 1132 955 την

110 976 399 1061 προγεγενημένην
440 980 568 1062 φιλίαν,
612 989 680 1043 τῶν
721 977 832 1042 ἀλλων
872 977 910 1043 δέ
949 978 1028 1053 τοὺς
1068 978 1132 1059 μὲν

102 1084 352 1168 ’ἀλλοτριώτατα
385 1083 612 1166 διακειμένους
645 1083 769 1167 ἀνεῖλε,
805 1086 884 1162 τοὺς
921 1084 958 1149 δέ
993 1088 1133 1162 λοιποὺς

110 1189 327 1276 ἐφυγάδευσε.

71 1297 91 1362 9
181 1299 278 1362 Μετὰ
305 1297 343 1362 δέ
370 1306 472 1363 ταῦτα
500 1297 700 1380 συναγαγὼν
727 1295 904 1381 ἐκκλησίαν
926 1299 1132 1382 κατηγόρησε
1154 1320 1181 1359 ιο

111 1403 172 1485 μὲν
190 1414 257 1468 τῶν
275 1401 455 1481 ἑξακοσίων
477 1403 534 1468 καί
555 1414 613 1488 τῆς
634 1400 692 1468 ὑπ’
711 1403 822 1469 αὐτῶν
844 1404 1133 1489 προγεγενημένης

111 1509 316 1595 ὀλιγαρχίας,
340 1512 496 1595 καθαράν
519 1509 557 1576 δέ
580 1513 689 1595 φήσας
710 1512 773 1595 τὴν
795 1513 894 1576 πόλιν
917 1511 1133 1596 πεποιηκέναι

111 1628 178 1682 τῶν
205 1617 424 1682 δυναστεύειν
451 1615 708 1702 ἐπιχειρούντων
736 1617 937 1703 ἀπεφαίνετο
965 1627 1010 1706 τῷ
1038 1619 1133 1706 δήμω

111 1725 173 1808 τὴν
200 1723 403 1805 αὐτονομίαν
426 1725 586 1809 είλικρινη
614 1725 837 1810 παραδιδόναι
863 1725 919 1790 καλ
945 1725 1137 1807 βούλεσθαί

112 1850 191 1895 ποτε
218 1841 285 1896 τῶν
312 1832 426 1896 πόνων
453 1830 637 1908 ἀπολυθεὶς
666 1832 849 1896 ἰδιωτεύειν
873 1831 944 1907 ἴσος
971 1831 1020 1897 διν
1042 1839 1133 1898 πᾶσι.
1155 1853 1181 1894 ιι

77 1937 167 2002 εκαλ
189 1946 291 2031 ταῦτα
315 1937 421 2022 λέγων
443 1940 481 2003 τὸ
504 1939 566 2021 μέν
588 1939 773 2023 χλαμύδιον
796 1937 899 2002 αὑτοῦ
918 1936 1190 2024 περιέσπασε,3ε4

112 2045 149 2109 τὸ
180 2043 210 2108 δ’
236 2044 365 2127 ἱμάτιον
394 2046 588 2128 μεταλαβὼν
615 2042 727 2134 ἀπῄει,
756 2057 824 2111 τῶν
851 2050 986 2111 πολλῶν
1012 2043 1136 2112 ἑαυτὸν

113 2150 288 2229 ἀποδείξας
310 2152 377 2218 ἕνα.
422 2161 526 2218 ταῦτα
553 2151 585 2215 δ’
607 2148 745 2237 ἔπραττε
767 2153 827 2217 τὸν
850 2153 1029 2236 δημοτικὸν
1050 2153 1136 2218 ὑπο-

113 2261 308 2343 κρινόμενος
333 2259 388 2324 καὶ
414 2269 529 2343 σαφῶς
552 2259 649 2336 εἰδὼς
671 2261 750 2335 τοὺς
771 2260 906 2336 πλείους
929 2270 997 2325 τῶν
1020 2257 1137 2344 ἐκκλη-

114 2368 293 2443 σιαζόντων
311 2367 548 2450 μετεσχηκότας
566 2374 633 2431 τῶν
652 2365 868 2449 ἀσεβημάτων
886 2366 942 2431 καὶ
960 2367 1016 2431 διά
1033 2376 1136 2432 τοῦτο
1157 2388 1185 2428 εο

113 2469 269 2556 μηδέποτ’
292 2471 334 2536 ἀν
357 2471 587 2556 βουληθέντας
610 2473 698 2559 άλλφ
722 2474 783 2557 τὴν
807 2475 1008 2559 στρατηγίαν
1031 2471 1137 2558 ἐγχει-

79 2594 94 2641 3
115 2580 213 2662 ρίσαι.
250 2578 336 2643 εύθὺ
360 2588 445 2663 γοῦν
464 2580 497 2643 ολ
519 2579 800 2665 διαπεφορηκότες
822 2580 863 2643 τά
885 2571 952 2645 τῶν
974 2580 1138 2665 ἠτυχηκό-

114 2708 180 2749 των
199 2683 306 2767 ἐβόων
323 2686 367 2769 μη
388 2689 580 2751 καταλιπεῖν
602 2684 757 2769 ἑαυτούς,
780 2685 864 2751 ἀλλά
885 2684 1138 2771 προσδέξασθαι

114 2794 175 2876 τὴν
193 2802 260 2857 τῶν
279 2792 367 2857 ὅλων
385 2790 580 2875 ἐπιμέλειαν.
614 2793 632 2859 ὁ
651 2793 689 2858 δέ
706 2794 744 2858 τὸ
763 2792 824 2875 μὲν
842 2804 975 2877 πρῶτον
993 2794 1138 2878 ἡσυχίαν

115 2893 213 2983 εἶχεν,
241 2893 311 2964 εἶτα
338 2907 397 2963 τοῦ
425 2901 579 2983 πλήθους
606 2902 794 2984 βιαιότερον
817 2898 1009 2983 ἐγκειμένου
1032 2918 1139 2986 προσ·
1159 2925 1187 2966 ει

116 3003 276 3083 δέξασθαι
307 3004 368 3087 μὲν
400 3001 503 3089 ἔφησε
534 3007 596 3090 την
628 3008 839 3092 στρατηγίαν,
876 3009 919 3092 μη
952 3006 1065 3088 μέντοι
1098 3032 1139 3093 γε

80 3108 184 3194 4μετ’
207 3113 317 3176 ἀλλων
345 3109 470 3197 άρξειν·
512 3112 552 3177 ού
580 3115 644 3198 γάρ
667 3113 857 3197 ὑπομενεῖν,
886 3108 934 3178 ὧν
962 3113 1004 3179 ἀν
1030 3113 1140 3202 ἕτεροι

187 3286 406 3356 2βοηθούντων
420 3287 450 3341 F.
497 3287 614 3342 ἐδυοῖν
628 3288 663 3342 Ρ,
704 3289 740 3342 13
759 3285 899 3356 ἀπέφαινε
913 3289 943 3342 F.
986 3275 1026 3344 v14
1043 3309 1140 3360 παρα-

114 3411 260 3464 δούναιΡ,
305 3411 340 3465 16
359 3412 445 3466 αύτού
459 3411 510 3466 RX
529 3412 629 3467 ἑαυτοῦ
643 3412 673 3465 F.
715 3413 749 3467 17
764 3362 925 3484 μεταλαβὼν
939 3415 969 3468 F.
1003 3411 1092 3471 αὑτὸν
1106 3417 1139 3474 F.

95 3477 248 3554 ἕβεύθύς
263 3482 294 3536 F,
371 3483 409 3538 25
428 3481 639 3553 προσδέξεσθαι
655 3484 742 3538 Βὶυδ.
812 3485 847 3540 ‘H
867 3483 1015 3554 ὑπομένειν
1040 3487 1140 3558 codd.;

81 3557 153 3598 σοιν.
169 3549 261 3607 D1'11d.
302 3556 329 3610 ύ.
353 3553 392 3612 ἀν
413 3552 455 3613 ὧν
474 3557 511 3615 Χ.
550 3556 589 3615 δν
609 3557 715 3627 om,
733 3557 898 3613 afflfm.
1092 3568 1095 3574 “
