2460 3848
110 169 152 234 60
457 167 571 222 Diodor.
581 165 645 221 XIX
660 171 782 222 35-3‘1.

109 311 165 377 καί
191 322 258 378 τῶν
286 312 363 398 περὶ
390 314 452 396 τὴν
479 312 587 395 αύλην
617 313 788 378 εἰωθότων
818 313 1004 398 διατρίβειν
1033 330 1132 399 στρα-

109 429 235 485 τιωτῶν
263 420 295 484 ολ
323 420 472 501 πλείους,
503 415 551 483 ἐτι
581 418 618 484 δὲ
647 429 715 484 τῶν
744 420 824 502 μετά
852 419 1132 506 Πολυπέρχοντος

109 524 301 611 ἐλεφάντων
333 526 366 590 οἰ
397 524 689 609 καταλειφθέντες·
725 535 793 591 τῶν
828 525 890 608 μέυ
924 529 987 612 γάρ
1020 528 1131 594 ἀλλων

109 634 241 719 θηρίων
268 630 365 718 [τῶν]
393 633 486 696 κατά*
501 632 563 716 την
586 631 751 718 προτέραν
774 630 920 717 ἐμβοληυ
947 634 996 712 εἰς
1018 638 1133 700 Μακε-

56 738 99 804 36
110 740 228 805 δουίαν
251 738 451 824 Κάσανδρος
478 736 706 824 ἐκεκυριεύκει.
752 739 790 816 ὃς
816 741 890 806 τότε
917 741 1065 807 διελθὼν
1092 742 1132 807 τά
1164 765 1176 807 ε

108 847 190 911 κατά
223 848 433 931 Περραιβίαν
464 847 564 912 στενὰ
597 847 653 911 καί
685 849 953 931 παραγενόμενος
988 851 1132 932 πλησίον

108 959 167 1037 τῆς
187 953 329 1037 Πύδνης
350 954 412 1037 την
434 953 495 1036 μέν
518 955 618 1019 πόλιν
640 953 926 1039 περιεχαράκωσεν
949 953 985 1020 ἐκ
1007 955 1132 1021 θαλάτ-

109 1082 167 1143 της
189 1061 237 1136 εἰς
259 1060 440 1143 θάλατταν,
463 1061 553 1145 παρά
572 1060 609 1126 δὲ
627 1071 694 1125 τῶν
713 1070 897 1144 συμμαχεῖν
915 1060 1132 1145 βουλομένων

108 1166 328 1250 μετεπέμπετο
360 1176 444 1245 ναῦς
475 1168 531 1232 καί
560 1166 640 1252 βέλη
668 1167 865 1233 παντοδαπά
891 1167 947 1232 καί
974 1168 1131 1253 μηχανάς,

110 1274 347 1358 διανοούμενος
384 1279 576 1360 πολιορκεῖν
612 1276 691 1352 τοὺς
726 1271 794 1357 μετ’
820 1270 1040 1358 Ὀλυμπιάδος
1076 1274 1131 1340 καί
1151 1300 1177 1341 ιο

74 1382 191 1447 κκατά
211 1388 276 1466 γῆν
298 1381 352 1447 καί
376 1383 459 1446 κατά
477 1378 662 1447 θάλασσαν.
699 1383 892 1463 πυθόμενος
915 1380 946 1446 δ’
963 1381 1132 1466 Αἰακίδην

109 1489 169 1554 τὸν
188 1487 400 1573 Ἠπειρωτῶν
428 1486 566 1572 βασιλέα
592 1489 673 1570 μετά
698 1487 870 1570 δυνάμεως
896 1486 1030 1569 μέλλειν
1052 1492 1131 1573 βοη-

109 1598 230 1680 θύσειν
263 1591 473 1678 Ὀλυμπιάδι,
510 1596 696 1679 στρατηγὸν
732 1592 912 1676 ἐξέπεμψεν
943 1591 1131 1679 Ἀταρρίαν,

110 1704 191 1778 δοὺς
210 1704 434 1786 στρατόπεδον
452 1701 508 1767 καί
531 1699 693 1779 συντάξας
716 1700 867 1767 ἀπαντᾶν
885 1711 955 1778 τοῖς
969 1698 1132 1785 Ἠπειρώ-

75 1829 189 1886 εταις.
236 1804 276 1874 οὗ
304 1811 386 1893 ταχὺ
414 1810 451 1873 τὸ
479 1807 692 1895 προσταχθὲν
715 1811 916 1893 ποιήσαντος
937 1809 993 1874 καλ
1016 1810 1074 1886 τοίς
1097 1807 1131 1887 ἐξ
1152 1833 1177 1875 ιε

106 1915 265 1999 Ἠπείρου
288 1917 457 2001 παρόδους
479 1914 814 2001 προκαταλαβομένου
838 1915 963 2000 συνέβη
986 1917 1046 1982 τὸν
1069 1918 1133 1982 Αἰ-

110 2024 229 2108 ακίδην
257 2024 426 2109 ἀπρακτον
453 2021 621 2108 γενέσθαι.
666 2022 723 2087 καί
747 2023 811 2107 γάρ
836 2024 874 2088 τὸ
901 2028 1034 2107 πλῆθος
1064 2035 1132 2090 τῶν

107 2128 320 2217 Ἠπειρωτῶν
339 2127 503 2207 ἀκουσίως
526 2128 743 2215 ἐστράτευσεν
766 2127 820 2194 έπί
839 2131 1054 2208 Μακεδονίας
1075 2131 1132 2197 καί

110 2238 227 2304 στάσιν
250 2237 355 2304 ἐποίει
377 2239 459 2303 κατὰ
482 2238 543 2320 την
566 2238 791 2321 παρεμβολήν·
815 2235 834 2301 ὁ
857 2236 895 2302 δὲ
912 2239 1077 2321 Αἰακίδης
1096 2237 1133 2304 ἐκ

110 2347 233 2422 παντὸς
264 2347 390 2431 τρόπου
423 2345 628 2428 βουλόμενος
659 2345 802 2426 βοηθεῖν
826 2339 1021 2426 Ὀλυμπιάδι
1052 2348 1133 2423 τοὺς
1151 2368 1178 2409 εο

109 2452 171 2536 μὲν
203 2449 384 2537 ἀλλοτρίως
416 2449 644 2531 διακειμένους
676 2446 820 2515 ἀπέλυσε
854 2457 912 2536 τῆς
949 2454 1132 2536 στρατείας,

108 2561 188 2636 τοὺς
215 2558 253 2623 δέ
280 2557 557 2642 συγκινδυνεύειν
586 2555 812 2640 βουλομένους
842 2553 1021 2642 ἀναλαβὼν
1050 2579 1133 2645 προ-

109 2667 240 2747 θυμίαν
259 2664 320 2747 μέν
343 2658 410 2749 εἰχε
432 2673 492 2730 τοῦ
512 2663 790 2747 διακινδυνεύειν,
814 2663 875 2729 ούκ
899 2661 1075 2751 ἀξιόμαχος
1098 2665 1129 2732 δ’

109 2769 152 2857 ἦν
184 2773 229 2850 ὡς
261 2771 303 2837 ἀν
335 2771 451 2856 ὀλίγου
483 2770 780 2854 καταλελειμμένου
817 2779 877 2836 τοῦ
914 2773 990 2858 περί
1026 2773 1133 2839 αὐτὸν

74 2881 324 2963 ςσυστήματος.
375 2878 408 2943 οἰ
435 2877 473 2943 δέ
499 2877 721 2963 χωρισθέντες
746 2887 814 2942 τῶν
838 2874 1051 2963 Ἠπειρωτῶν
1085 2882 1135 2958 εἰς
1153 2902 1179 2944 ει

110 2987 169 3064 τὰς
195 2985 356 3071 πατρίδας
382 2987 642 3052 κατεστασίασαν
669 2983 796 3051 ἀπόντα
823 2986 883 3050 τὸν
911 2985 1049 3069 βασιλέα
1075 2989 1134 3052 καί

110 3104 212 3178 κοινῷ
232 3092 370 3176 δόγματι
389 3094 503 3176 φυγηυ
526 3093 630 3159 αὐτού
653 3094 873 3176 καταγνόντες
895 3094 978 3177 πρὸς
997 3092 1134 3159 Κάσαν-

181 3321 200 3377 4
223 3321 301 3448 [τῶνχ
326 3321 380 3377 del.
401 3320 484 3376 Dind.
558 3319 752 3392 6Περρεβίαν
770 3321 801 3387 F,
821 3338 889 3376 corr.
909 3328 934 3376 2.
948 3340 984 3376 m.
1060 3323 1075 3377 7
1102 3324 1133 3379 ἐκ

110 3392 255 3462 θαλάσσης
273 3413 313 3456 ες
330 3393 479 3449 θάλασσαν
497 3393 527 3447 F.
605 3391 702 3447 8-11
726 3392 804 3460 παρὰ
827 3393 857 3448 δέ
881 3393 1134 3451 τῶν-θάλασσαν

95 3477 150 3517 σιω.
166 3464 198 3527 Π,
219 3465 314 3533 suppl.
332 3470 356 3520 2.
373 3483 409 3522 m.
486 3464 520 3520 11
541 3464 625 3521 Αἰακ.
643 3472 698 3519 τῶν
718 3462 782 3519 Ἠπ.
804 3465 827 3535 β.
847 3464 877 3531 Ρ,
897 3464 962 3519 add.
977 3471 1001 3520 λ.
1016 3483 1053 3520 m.
1071 3463 1133 3523 τὸν.

76 3527 123 3581 18
137 3531 195 3586 alii
209 3534 374 3606 Ἅθαρρίας
393 3537 440 3610 (cf.
464 3537 543 3596 Ourt.
558 3537 583 3594 V
599 3544 627 3608 2,
637 3539 675 3610 ὃ).
747 3535 786 3592 18
804 3533 988 3592 Μακεδονλαν
1001 3536 1041 3588 Π.
