2460 3848
108 175 149 240 72
466 171 764 228 Βὶοᾶοε.ΧΙΧ44.4σ.

106 318 330 403 ἀπαραίτητον
353 311 459 384 οὖσαν
480 319 565 403 πρὸς
587 319 649 402 την
670 314 741 384 κατ’
763 318 939 402 Εὐμενοῦς
965 321 1126 404 τιμωρίαν

105 423 215 491 ἀνεῖλε
238 427 298 491 τὸν
321 426 440 511 ἀνδρα·
473 425 529 490 διά
552 424 673 509 δὲτὴν
695 425 986 511 προγεγενημένην
1009 428 1126 511 φιλίαν

104 533 230 610 καύσας
252 533 289 597 τὸ
313 541 406 614 σώμα
428 533 483 598 καί
506 532 731 614 καταθέμενος
753 534 801 610 εἰς
824 531 960 618 ἀγγεῖον
982 534 1023 598 τὰ
1045 533 1127 598 ὀστᾶ

70 643 189 727 επρὸς
219 642 298 717 τοὺς
330 640 475 716 οἰκείους
506 637 706 705 ἀπέστειλεν.
761 639 893 725 ἀνήχθη
925 636 956 704 δ’
988 638 1026 706 ἐν
1056 650 1128 718 τοῖς

104 748 319 833 τραυματίαις
348 747 552 831 αἰχμάλωτος
580 746 636 811 καὶ
663 746 681 811 ὁ
708 749 767 824 τὰς
796 748 942 832 ἱστορίας
967 745 1127 826 συνταξύ-
1161 771 1173 812 ε

104 878 203 938 μενος
221 852 419 940 Ἱερώνυμος
441 852 459 918 ὁ
480 853 686 938 Καρδιανός,
709 852 747 930 ὃς
767 856 828 920 τὸν
850 853 912 938 μέν
935 850 1128 940 ἔμπροσθεν

104 964 228 1047 χρόνον
257 957 314 1025 ὑπ’
343 959 519 1043 Εὐμενοῦς
547 960 729 1043 τιμώμενος
758 960 952 1046 διετέλεσεν,
981 963 1062 1045 μετὰ
1089 962 1128 1028 δὲ

104 1071 164 1135 τὸν
192 1067 322 1135 ἐκείνου
350 1067 501 1133 θάνατον
523 1063 580 1131 ὑπ’
603 1064 798 1151 Ἀντιγόνου
826 1066 985 1153 ἐτύγχανε
1009 1073 1128 1153 φιλαν-

104 1178 259 1262 θρωπίας
281 1175 337 1241 καί
359 1176 507 1251 πίστεως.

69 1303 86 1350 4
173 1281 207 1348 ‘0
237 1279 267 1347 δ’
298 1279 490 1365 Ἀντίγονος
518 1284 580 1367 τὴν
612 1282 757 1365 δύναμιν
789 1281 920 1347 ἅπασαν
950 1282 1128 1366 ἀναλαβὼν
1148 1307 1175 1347 ιο

105 1392 153 1468 είς
170 1390 310 1475 Μηδίαν
333 1389 433 1466 αὐτὸς
455 1388 516 1472 μὲν
535 1386 573 1454 ἐν
590 1412 658 1455 τινι
675 1390 766 1480 κώμη
784 1390 1025 1475 παρεχείμασεν
1043 1390 1128 1480 ούση

104 1498 249 1582 πλησίον
270 1493 492 1581 Ἐκβατάνων,
520 1494 558 1562 ἐν
584 1487 687 1587 ᾐτης
709 1496 817 1581 χώρας
840 1494 968 1580 ἐκείνης
990 1494 1061 1561 ἐστί
1083 1499 1181 1564 τάεεν

104 1607 272 1688 βασίλεια,
303 1605 382 1680 τοὺς
414 1603 452 1671 δὲ
482 1604 682 1689 στρατιώτας
710 1600 890 1668 ἐπιδιεῖλεν
919 1604 967 1679 εἰς
996 1603 1129 1670 ἅπασαν

104 1713 167 1796 τὴν
199 1712 402 1795 σατραπείαν
433 1711 489 1776 καί
520 1710 661 1793 μάλιστα
693 1711 741 1787 είς
771 1712 833 1795 την
869 1707 1031 1795 ἐπαρχίαν
1065 1713 1129 1796 την

105 1816 441 1902 προσαγορευομένην
465 1815 593 1901 Ῥάγας,
619 1817 640 1900 ἥ
667 1817 793 1900 ταύτην
815 1818 877 1901 την
899 1819 1129 1902 προσηγορίαν
1147 1838 1174 1880 ω

105 1922 202 2010 ἐσχεν
229 1923 294 1990 ἀπὸ
319 1934 387 1989 τῶν
409 1923 600 2008 γενομένων
622 1923 699 2009 περί
722 1923 828 2006 αὐτὴν
851 1922 1067 2008 ἀτυχημάτων
1091 1924 1129 1991 ἐν

70 2042 174 2110 στοις
202 2029 394 2118 ἔμπροσθεν
421 2033 568 2118 χρόνοις·
604 2031 759 2106 πλείστας
783 2031 848 2115 γὰρ
871 2027 993 2114 ἔχουσα
1015 2033 1130 2110 πόλεις

105 2151 173 2205 τῶν
196 2137 233 2205 ἐν
256 2137 396 2216 ἐκείνοις
418 2148 488 2216 τοις
510 2139 624 2213 τόποις
641 2137 697 2202 καλ
715 2135 843 2219 μάλιστ’
866 2136 1130 2220 εὐδαιμονούσας

105 2247 320 2330 τηλικούτους
353 2242 427 2330 ἔσχε
459 2245 614 2327 σεισμοὺς
646 2243 730 2308 ώστε
759 2243 815 2308 καί
844 2245 902 2321 τὰς
931 2246 1044 2321 πόλεις
1072 2245 1129 2310 καὶ

105 2356 184 2431 τοὺς
215 2351 428 2429 ἐνοικοῦντας
458 2351 605 2427 ἅπαντας
635 2349 881 2435 ἀφανισθῆναι,
910 2352 1060 2417 καθόλου
1091 2351 1129 2417 δὲ
1147 2373 1174 2414 ευ

105 2461 167 2544 την
189 2461 301 2545 χώραν
324 2458 551 2542 ἀλλοιωθῆναι
573 2457 629 2522 καὶ
651 2459 816 2539 ποταμοὺς
840 2457 914 2523 ἀντὶ
936 2469 1005 2523 τῶν
1025 2464 1130 2543 πρού-

105 2568 303 2651 παρχόντων
326 2566 448 2642 ἀλλους
472 2572 619 2649 φανῆναι
641 2564 697 2630 καλ
721 2564 845 2647 λίμνας.

52 2673 95 2740 45
178 2674 272 2738 Κατδι
302 2671 340 2737 δὲ
369 2672 509 2749 τούτους
538 2674 617 2749 τοὺς
646 2673 789 2757 χρόνους
816 2670 941 2756 συνέβη
968 2670 1129 2755 γενέσθαι

105 2781 182 2866 περ)
211 2781 273 2864 την
299 2776 439 2844 Ῥοδίων.
463 2780 563 2844 πόλιν
592 2780 652 2844 τὸν
681 2780 795 2863 τρίτον
821 2779 1064 2860 κατακλυσμόν,
1092 2777 1130 2855 ὃς

104 2889 251 2964 πολλοὺς
268 2897 336 2952 τῶν
352 2884 574 2956 ἐνοικούντων
593 2885 795 2971 διέφθειρεν.
829 2879 877 2949 ών
890 2883 908 2949 δ
923 2885 984 2967 μὲν
997 2895 1129 2970 πρῶτος
1147 2906 1173 2948 ει

106 2994 203 3078 ὀλίγα
231 3003 301 3071 τοῖς
331 2993 525 3079 ἀνθρώποις
555 2990 752 3077 ἐνώχλησεν,
780 2992 825 3070 ώς
852 2991 895 3056 ἀν
921 3002 979 3077 της
1001 2994 1130 3070 πόλεως

107 3103 209 3185 ούσης
238 3101 431 3167 νεοκτίστου
462 3100 517 3165 καί
547 3099 602 3164 διὰ
631 3106 730 3165 τοῦτο
760 3100 889 3183 πολλὴν
919 3099 1129 3184 εὐρυχωρίαν

178 3258 196 3312 5
222 3256 416 3330 τραυματίαις]
450 3254 585 3312 ἑαλωκόσι
611 3255 641 3311 F.
729 3256 764 3311 10
790 3256 841 3326 την
869 3255 920 3325 μέν
947 3257 1069 3325 δύναμιν
1097 3257 1128 3314 F

106 3330 257 3401 ἀναλαβών
284 3330 324 3393 εἰς
348 3327 479 3401 Μηδίαν]
508 3331 596 3384 recte:
623 3328 658 3382 cf,
682 3327 771 3382 Hertl
790 3327 879 3397 IIIp
899 3332 933 3381 33
959 3327 1019 3397 (qui
1045 3327 1130 3382 aliter

102 3401 355 3456 ε’ωάδοενεεοδΠλ
418 3403 471 3469 14)
525 3398 562 3454 14
570 3397 763 3490 σατραπείαν)
784 3397 963 3466 στρατιάνΡ.
1015 3398 1051 3452 15
1066 3396 1130 3454 Ρά-

124 3471 221 3528 καί
247 3472 343 3527 θίεεώ.
340 3403 502 3542 2FF·
531 3468 635 3543 ὴΡαγ
638 3470 703 3541 ιανὴ
727 3399 800 3524 ΡέοΙ.
818 3469 901 3537 V12‚
917 3475 940 3523 6.
1014 3469 1050 3524 24
1072 3479 1129 3526 τῶν

73 3488 119 3585 'Po
124 3488 196 3592 ⁵'lam
211 3541 245 3596 F,
324 3544 366 3600 26
384 3548 453 3611 τούς
473 3471 654 3617 ἀνθρώπους
671 3491 881 3615 ἡνώχλησενδ.
