2460 3848
432 191 474 246 01.
486 197 546 259 119,
557 198 585 245 ει
606 197 658 246 ιοε
673 205 697 246 ι.
710 191 771 246 chr.
1045 196 1111 260 329

91 340 147 405 καλ
173 344 232 424 τῆς
259 340 360 422 άλλης
386 340 544 423 χορηγίας
571 343 702 423 πλῆθος
728 337 784 403 καλ
810 338 959 419 ποταμὸν
986 358 1112 423 παραρ-

93 445 212 531 ρέοντα
248 444 437 528 δυνάμενον
474 441 660 529 ἀσφάλειαν
693 443 899 529 παρέχεσθαι
929 453 999 521 τοίς
1030 441 1108 528 παρ’

92 552 195 618 αὐτὸν
223 553 533 638 στρατοπεδεύουσι.
582 552 761 634 βαλόμενοι
791 551 828 616 δὲ
855 551 1113 636 στρατοπεδείαν

92 659 275 744 ὠχύρωσαν
298 661 360 743 τῆν
383 661 596 744 παρεμβολὴν
619 660 743 746 βαθείρι
765 658 881 746 τάφρφ
904 657 959 723 καί
986 663 1112 744 τριπλῆν

37 758 223 871 4ἓόχάρακι.
265 761 455 850 Ἀντίγονος
483 765 521 831 δέ
548 767 741 849 πυθόμενος
766 765 828 850 τῆν
854 775 923 830 τῶν
945 767 1112 846 πολεμίων
1129 765 1191 831 109

93 872 305 959 ἀποχώρησιν
346 872 451 949 εὐθὺς
492 871 671 938 ἐπεδίωκεν
712 872 835 948 αὐτοὺς
874 872 930 937 καλ
970 874 1113 956 πλησίον

93 980 271 1063 γενόμενος
300 985 359 1063 τῆς
388 984 611 1066 παρεμβολῆς,
643 976 715 1044 ἐπεί
743 979 827 1063 πρὸς
858 976 1040 1064 παράταξιν
1072 979 1112 1043 ού

93 1085 366 1171 συγκατέβαινον,
408 1084 529 1173 ῆρξατο
572 1084 830 1171 περιταφρεύειν
872 1087 934 1170 τῆν
977 1102 1114 1170 στρατο-

92 1194 228 1259 πεδείαν
250 1193 307 1259 καλ
328 1192 531 1269 καταπέλτας
553 1192 608 1257 καί
630 1191 710 1276 βέλη
734 1190 970 1276 μετεπέμψατο,
993 1195 1113 1275 βουλό-

48 1321 74 1360 ιο
91 1323 190 1382 μενος
218 1299 323 1385 αὐτην
350 1304 576 1384 πολιορκῆσαι.
623 1298 898 1382 συντελουμένων
923 1299 955 1364 δ’
973 1296 1114 1385 ἀκροβο-

93 1413 220 1489 λισμῶν
237 1407 314 1491 περὶ
331 1409 394 1491 τῆν
411 1407 574 1491 ταφρείαν
592 1405 648 1470 καλ
666 1415 734 1471 τῶν
750 1404 826 1491 περὶ
844 1406 904 1471 τὸν
917 1409 1113 1490 Λυσίμαχον

92 1511 307 1598 πειρωμένων
335 1512 502 1599 ἀνείργειν
529 1522 599 1589 τοίς
626 1513 737 1595 βέλεσι
766 1514 845 1588 τοὺς
874 1509 1113 1597 ἐργαζομένους

92 1618 130 1686 ἐν
157 1627 260 1685 πᾶσιν
282 1618 486 1706 προετέρουν
514 1620 546 1684 ολ
573 1620 650 1705 περί
675 1619 736 1684 τὸν
755 1617 957 1702 Ἀντίγονον.
1002 1615 1147 1685 ἔπειταε

91 1727 217 1813 χρόνου
235 1725 418 1811 γενομένου
439 1725 494 1791 καί
516 1737 585 1792 τών
603 1723 711 1810 ἔργων
733 1727 798 1810 ῆδη
816 1726 1012 1792 συντέλειαν
1035 1730 1114 1809 λαμ-

48 1852 74 1893 ιι
92 1834 278 1916 βανόντων,
307 1844 365 1920 τῆς
395 1832 432 1898 δὲ
461 1843 588 1917 τροφῆς
616 1832 845 1917 ὑπολιπούσης
874 1834 953 1910 τοὺς
980 1838 1115 1917 πολιορ-

92 1939 277 2022 κουμένους
322 1942 355 2006 οί
395 1939 472 2025 περὶ
513 1941 719 2023 Λυσίμαχον,
764 1943 966 2024 τηρῆσάντες
1010 1940 1115 2005 νύκτα

91 2045 269 2131 χειμέριον,
301 2043 605 2124 ἀναζεύξαντεςέκ
585 2055 694 2129 κτῆς
723 2049 933 2130 παρεμβολῆς
962 2045 1018 2111 διὰ
1047 2057 1115 2112 τῶν

92 2150 297 2238 ὑπερδεξίων
319 2154 431 2218 τόπων
459 2152 676 2237 ἀπεχώρησαν
704 2154 752 2230 είς
779 2154 1050 2238 παραχειμασίαν.
1096 2151 1113 2217 ὁ

93 2260 126 2324 δ’
144 2260 334 2344 Ἀντίγονος
359 2258 483 2345 ἡμέρας
510 2259 735 2343 γενομένης“
718 2283 762 2335 ως
790 2252 858 2324 εἶδε
880 2261 943 2344 τῆν
964 2269 1033 2325 τῶν
1055 2279 1115 2325 πο-

47 2385 74 2424 εο
94 2368 215 2448 λεμίων
234 2366 438 2450 ἀπαλλαγήν,
460 2365 684 2450 ἀντιπαρῆγεν
703 2365 802 2442 αὐτὸς
821 2365 877 2430 διά
894 2374 962 2431 τῶν
980 2365 1114 2432 πεδίων.

92 2471 337 2556 ἐπιγενομένων
357 2472 394 2537 δέ
412 2473 548 2558 όμβρων
566 2473 719 2557 μεγάλων
736 2473 793 2538 καί
810 2481 868 2556 τῆς
886 2473 994 2559 χώρας
1013 2473 1115 2557 οὔσης
1134 2490 1149 2536 3

93 2581 280 2662 βαθυγείου
303 2580 359 2645 καὶ
381 2579 557 2663 πηλώδους
578 2588 647 2643 τῶν
665 2600 700 2644 τε
723 2578 913 2662 ὑποζυγίων
935 2578 996 2644 οὐκ
1019 2579 1115 2662 ὀλίγα

93 2684 218 2770 συνέβη
250 2687 306 2751 καί
337 2696 405 2752 τῶν
437 2686 598 2768 σωμάτων
627 2685 703 2750 τινά
732 2686 964 2771 διαφθαρῆναι
993 2687 1048 2751 καί
1077 2688 1114 2751 τὸ

94 2792 240 2858 σύνολον
274 2791 439 2870 ἐπιπόνως
475 2793 607 2858 ἅπασαν
639 2792 700 2877 τῆν
733 2791 878 2874 δύναμιν
910 2794 1114 2875 διατεθῆναι.

50 2919 75 2958 ει
94 2901 209 2984 διόπερ
236 2898 255 2964 δ
283 2900 440 2982 βασιλεὺς
468 2899 533 2982 άμα
560 2898 622 2981 μὲν
645 2898 826 2982 ἀναλαβεῖν
848 2901 1052 2983 βουλόμενος
1079 2897 1150 2965 ἐκε

93 3016 150 3090 τῆς
177 3006 385 3082 κακοπαθίας
410 3007 489 3083 τοὺς
516 3006 731 3091 στρατιώτας,
761 3006 828 3089 ἀμα
855 3006 893 3072 δέ
920 3008 982 3090 τῆν
1009 3029 1115 3091 χειμε-

165 3236 181 3290 1
209 3243 257 3305 τῆς
284 3251 338 3288 om
357 3232 389 3289 X
472 3234 490 3289 2
516 3254 573 3302 τταρ
576 3233 685 3305 ἀύτῷ
715 3236 765 3287 aut
792 3235 856 3303 περὶ
884 3230 970 3289 αύτδν
1001 3235 1114 3291 Reiske.

93 3305 111 3359 3
130 3256 337 3377 βαλλόμενοιΧ,
353 3323 422 3362 corr.
437 3312 461 3360 2.
472 3324 508 3362 m
559 3256 807 3360 όκατεδίωκενΡ.
864 3305 898 3360 11
917 3302 1041 3374 ταφρίαν
1055 3305 1114 3361 ΒΧ.

94 3376 130 3430 13
153 3374 273 3446 προυτέρ
275 3397 325 3431 ουν
348 3375 382 3432 Χ.
455 3377 491 3431 14
515 3397 597 3446 γινομ
578 3373 663 3446 μένου
686 3376 829 3431 F.15
853 3378 1057 3446 ὑπολειπούσης
1079 3378 1114 3444 F3

95 3446 251 3504 ἀπολιπούσ
252 3455 301 3518 ηςῗ
328 3447 425 3514 Dind.;
452 3446 645 3516 ἐπιλειπούσης
667 3448 760 3502 Madv,
781 3447 794 3501 Ι
816 3466 844 3518 p.
860 3454 920 3502 516.
993 3397 1041 3502 16η
1050 3420 1115 3516 περί

93 3515 143 3573 τὸν
166 3526 199 3574 Α.
221 3520 252 3575 F.
330 3520 365 3573 18
390 3520 586 3591 ἀπεχώρησαν]
613 3519 780 3588 ἐποιήσαντο
805 3519 856 3589 τῆν
882 3519 1061 3589 ἀποχώρησιν
1083 3520 1113 3574 F.

94 3588 130 3642 23
149 3586 250 3662 συνέβη
268 3593 334 3661 post
351 3592 497 3658 πηλώδους
516 3594 550 3659 (v.
565 3593 610 3661 22)
629 3590 867 3660 p0n1tF26
889 3609 1008 3644 κακοπα
985 3588 1129 3645 muz&

95 3663 175 3730 (corr.
195 3665 220 3714 λ.
234 3678 263 3714 m
265 3675 283 3730 γ
302 3660 499 3726 κακοπαθείας
516 3660 574 3718 XF
