2460 3848
452 173 494 229 01.
506 178 606 240 παπ
627 178 678 227 ειε
693 189 717 227 a.
729 173 791 228 chr.
1087 176 1129 241 87

59 323 264 405 σοοχρῆματα
286 321 370 403 πρὸς
392 319 450 396 τάς
472 318 728 402 κατεπειγούσας
746 320 858 403 χρείας
875 316 1071 384 ἀπέστειλαν
1089 319 1130 385 ού

111 429 216 508 μόνον
245 437 312 492 τῶν
341 424 378 491 ἐκ
407 436 464 510 τῆς
490 423 663 509 Ἑλλάδος,
693 424 776 490 άλλά
805 425 861 490 καί
884 428 1053 510 Σικελίας,
1083 423 1131 491 ἔτι

112 533 140 597 δ’
164 529 310 610 Ἰταλίας.

183 644 325 724 Θηβαῖοι
355 639 417 721 μὲν
449 634 512 704 οὖν
542 648 662 705 τοῦτον
691 641 751 705 τὸν
781 641 906 725 τρόπον
936 636 1165 721 ἐκομίσαντο3

80 749 170 832 ιτῆν
193 748 344 832 πατρίδα.
390 746 591 832 Κάσανδρος
614 746 652 811 δὲ
674 748 754 828 μετά
777 756 835 830 τῆς
857 746 1029 828 δυνάμεως
1052 745 1131 812 άνα-

111 852 222 932 ζεύξας
249 851 304 918 ἐπί
327 856 590 937 Πελοποννήσου
614 852 669 917 καὶ
692 854 888 936 καταλαβὼν
914 851 1131 937 Ἀλέξανδρον

110 962 168 1025 τὸν
193 959 469 1045 Πολυπέρχοντος
497 960 691 1043 διειληφότα
718 962 777 1025 τὸν
801 957 939 1042 Ἰσθμὸν
968 966 1156 1044 φυλακαῖς·

110 1073 284 1152 παρῆλθεν
320 1069 368 1144 είς
403 1065 554 1151 Μέγαρα.
619 1064 768 1132 ἐνταῦθα
809 1068 846 1132 δὲ
887 1067 1132 1144 κατασκευάσας

111 1174 241 1258 σχεδίας
273 1173 328 1239 ἐπὶ
359 1173 421 1256 μὲν
452 1174 580 1239 τούτων
612 1176 691 1251 τοὺς
723 1171 905 1257 ἐλέφαντας
940 1175 1131 1256 διεβίβασεν

66 1303 91 1342 ιο
111 1281 158 1357 είς
191 1277 403 1364 Ἐπίδαυρον,
440 1279 478 1345 ἐν
514 1280 552 1345 δὲ
588 1282 718 1357 πλοίοις
748 1281 809 1363 τῆν
841 1281 945 1363 άλλην
978 1281 1130 1363 δύναμιν.

110 1388 288 1471 παρελθὼν
311 1388 349 1453 δὲ
372 1385 426 1452 ἐπὶ
448 1388 510 1471 τῆν
532 1397 600 1452 τῶν
620 1386 777 1473 Ἀργείων
801 1389 900 1452 πόλιν
923 1387 1047 1472 ταύτην
1069 1388 1131 1469 μὲν

108 1492 295 1577 ἠνάγκασεν
313 1492 506 1560 ἀποστᾶσαν
523 1504 581 1578 τῆς
600 1492 818 1577 Ἀλεξάνδρου
838 1495 1022 1578 συμμαχίας
1041 1494 1130 1579 αὐτῷ

108 1600 336 1685 προσθέσθαι,
359 1602 439 1683 μετὰ
463 1601 500 1666 δὲ
522 1608 625 1666 ταῦτα
646 1601 705 1677 τάς
723 1598 760 1665 ἐν
778 1610 818 1686 τῆ
837 1604 1000 1691 Μεσσήνῃ
1019 1603 1131 1677 πόλεις
1150 1619 1166 1665 4

108 1708 335 1792 προσηγάγετο
358 1708 446 1791 πλὴν
467 1707 608 1790 Ἰθώμης
630 1706 685 1771 καὶ
703 1709 765 1790 τὴν
780 1705 973 1794 Ἑρμιονίδα
993 1707 1036 1772 δι’
1054 1707 1131 1790 δμο-

64 1836 89 1877 ιτ
109 1816 223 1897 λογίας
252 1814 468 1899 παρέλαβεν,
498 1823 558 1880 τοῦ
586 1809 616 1877 δ’
646 1810 864 1899 Ἀλεξάνδρον
894 1816 937 1899 μῆ
968 1831 1130 1899 συγκατα-

108 1922 284 2003 βαίνοντος
316 1923 363 1998 είς
394 1919 577 2007 παράταξιν
609 1919 782 1985 ἀπολιπὼν
819 1919 873 1985 ἐπὶ
909 1922 969 1985 τὸν
1007 1923 1131 2003 ἰσθμὸν

109 2029 272 2112 Γερανίας
296 2030 494 2112 στρατιώτας
518 2029 701 2112 δισχιλίους
719 2027 775 2091 καὶ
794 2028 979 2112 στρατηγὸν
992 2030 1131 2093 Μόλυκ-

107 2157 168 2199 κον
192 2132 382 2218 ἐπανῆλθεν
405 2137 452 2213 είς
475 2135 703 2200 Μακεδονίαν.

184 2246 250 2306 Τοῦ
281 2237 311 2305 δ’
341 2238 435 2318 ἔτους
463 2242 584 2307 τούτου
613 2242 853 2325 διεληλυθότος
880 2242 1040 2324 Ἀθήνησι
1069 2240 1130 2322 μὲν
1141 2239 1183 2304 55

62 2370 88 2410 εο
106 2343 186 2431 ἦρχε
219 2346 466 2432 Πραξίβουλος,
499 2346 537 2413 ἐν
569 2345 672 2438 Ῥώμη
705 2348 743 2413 δὲ
774 2346 977 2431 κατέστησαν
1009 2345 1131 2412 ύπατοι

106 2454 256 2530 Ναύτιος
278 2456 426 2539 Σπόριος
452 2455 508 2519 καὶ
530 2455 670 2540 Μάρκος
693 2457 852 2531 Πόπλιος.
908 2453 962 2519 ἐπὶ
991 2454 1028 2519 δὲ
1055 2455 1130 2519 τού-

106 2584 174 2625 των
200 2561 389 2644 Ἀντίγονος
415 2571 473 2646 τῆς
497 2561 559 2643 μὲν
582 2566 774 2646 Σουσιανῆς
797 2560 934 2627 άπέλιπε
958 2562 1129 2647 σατράπην

105 2668 274 2751 Ἀσπίσαν,
306 2666 365 2732 ἕνα
397 2679 464 2732 τῶν
495 2666 674 2753 ἐγχωρίων,
708 2669 807 2745 αὐτὸς
839 2668 877 2733 δὲ
910 2670 950 2733 τά
981 2672 1130 2753 χρήματα

105 2775 215 2840 πάντα
247 2774 407 2858 διαγνοὺς
437 2777 663 2856 κατακομίζειν
698 2773 752 2840 ἐπὶ
784 2774 972 2859 θάλασσαν,
1006 2773 1128 2856 ἁμάξας

178 2912 196 2966 6
223 2913 272 2968 καλ
299 2931 352 2968 om.
376 2914 407 2968 F.
483 2913 501 2968 9
529 2913 575 2967 ἐπὶ
600 2912 650 2982 μὲν
676 2914 769 2968 αὐτῶν
793 2914 824 2967 F.
899 2914 934 2968 13
958 2911 1072 2984 Μεσένη
1099 2913 1129 2966 F.

105 2985 141 3040 15
159 2984 196 3054 μὴ
211 3003 264 3040 om.
275 2985 333 3039 ΒΧ.
367 2984 593 3055 συγκαταβάντος
606 2985 636 3038 F.
692 2984 727 3039 1ss
746 2984 792 3038 ἐπὶ
805 2981 855 3039 τὸν
871 2982 975 3054 ἰσθμὸν
990 2981 1129 3052 Γερανίας

106 3054 270 3125 (Γερανείας
287 3056 322 3122 F3
347 3059 378 3110 at
401 3056 435 3110 cf.
454 3057 537 3111 Paus.
555 3056 569 3110 Ι
587 3062 674 3123 40,1;
694 3062 737 3121 43,
753 3059 779 3124 7)
804 3056 884 3110 codd.
904 3060 980 3110 recte
1003 3056 1049 3125 (cf.
1069 3055 1128 3109 Pol.

104 3127 144 3180 ΠΙ
159 3133 201 3194 19,
209 3130 249 3197 4),
259 3129 324 3194 περὶ
331 3127 432 3192 Wess.;
445 3127 491 3182 ἐπὶ
501 3127 572 3201 (τῆς
580 3127 674 3199 κατὰ)
684 3148 707 3182 τ.
717 3127 735 3182 ί.
744 3133 775 3182 Γ.
786 3127 873 3181 Palm.
882 3151 889 3194 ς
899 3124 948 3183 τὸν
959 3125 1063 3196 ἰσθμὸν
1074 3126 1128 3180 del.

104 3198 189 3252 Dind.
227 3199 261 3254 17
271 3196 450 3264 ΜόλυκονΠς
466 3201 497 3253 ολ
511 3200 546 3253 cf.
557 3199 632 3253 (δοιώ.
642 3200 746 3253 Aneed.
758 3198 857 3266 Delph.
869 3205 911 3252 49.
949 3199 985 3252 20
998 3195 1129 3267 κατέστη-

106 3270 170 3341 σαν]
187 3286 224 3323 an
237 3270 469 3339 κατεστάθησανῗ
480 3271 569 3324 Wess.
606 3269 641 3324 21
652 3268 777 3332 Σπόνιος
786 3269 824 3336 V;
840 3266 964 3338 Σπόριος
973 3274 1004 3324 Ν
1004 3269 1127 3331 ούτιοςΕ

106 3345 136 3408 (α
155 3340 191 3395 ab
210 3341 259 3395 alt.
278 3359 314 3395 m.
335 3357 420 3410 supra
438 3361 453 3395 ο
472 3342 584 3411 posito).
630 3339 756 3403 Πόπλιος
779 3341 859 3394 codd.
879 3357 986 3405 omnes3
1010 3341 1127 3408 Spurius

104 3411 228 3467 Nautius
247 3413 276 3467 et
293 3413 330 3466 M.
345 3412 472 3481 Popilius
491 3413 548 3466 Liv.
563 3411 601 3464 IX
617 3417 649 3467 21
670 3412 717 3483 (cf.
736 3412 757 3467 f.
776 3416 813 3481 οη
832 3428 871 3466 οι
887 3429 946 3478 αμα
957 3412 1058 3461 ἵλασο,
1071 3423 1152 3456 zm.

104 3501 146 3537 vv.
167 3483 227 3550 dd.;
250 3483 285 3536 de
303 3484 395 3538 chron.
417 3483 451 3539 cf.
470 3485 602 3556 Droysen
617 3483 640 3541 1.
652 3484 675 3540 4.
692 3503 727 3556 ρ.
739 3490 801 3540 m
813 3500 842 3538 ε..
854 3489 894 3548 ι,
908 3482 1015 3533 &zm
1028 3467 1177 3524 Vm&-

97 3560 203 3620 p.164.
285 3553 387 3611 245212
406 3557 459 3630 τῆν
479 3558 639 3618 θάλασσαν
659 3560 695 3615 Π.
