2460 3848
98 181 140 245 14
474 177 589 232 Diodor.
598 175 663 230 XIX
677 182 701 231 5.
713 183 736 230 6.

95 324 153 400 τὰς
182 322 327 410 ἑταιρίας
356 333 423 388 τῶν
453 323 641 387 συνιόντων
668 321 723 386 καλ
750 322 833 407 πρὸς
856 320 1020 407 ἀλλήλους
1042 320 1118 388 έκά-

96 446 186 508 στοις
213 424 299 495 είναι
326 428 469 512 μεγάλας
498 429 676 514 διαφοράς,
703 427 860 512 μέγιστον
891 425 922 494 δ’
950 425 994 512 ἦν
1026 429 1118 496 ἀντί-

94 560 201 620 ταγμα
232 546 303 613 τοῖς
333 536 410 621 περλ
441 537 501 601 τὸν
530 532 734 619 Ἀγαθοκλέα
767 536 804 601 τὸ
836 546 904 601 τῶν
936 534 1117 613 ἑξακοσίων

95 643 285 731 συνέδρων,
312 643 394 707 κατά
421 644 483 727 τὴν
510 643 704 728 ὀλιγαρχίαν
731 641 947 727 ὑφηγημένον
974 652 1033 728 τῆς
1057 645 1118 710 πό

96 756 190 828 λεως·
216 752 249 816 ολ
271 749 468 833 προέχοντες
491 753 555 834 γὰρ
577 761 645 816 τῶν
667 752 889 836 Συρακοσίων
910 759 982 826 ταῖς
1003 748 1118 828 δόξαις
1151 772 1163 813 ι

95 857 150 923 καλ
177 867 249 934 ταῖς
276 857 406 934 οὐσίαις
432 855 470 922 έν
497 858 628 935 τούτοις
654 857 806 943 ύπηρχον
835 856 1117 941 καταλελεγμένοι.

56 965 76 1028 6
96 963 114 1029 ὁ
142 960 172 1028 δ’
196 958 259 1029 οὐν
278 960 484 1049 Ἀγαθοκλῆς
512 963 718 1049 ἐπιθυμητὴς
745 964 793 1029 διν
818 965 1015 1041 δυναστείας
1036 970 1118 1031 πολ-

96 1071 155 1148 λάς
182 1069 334 1157 ἀφορμάς
361 1067 457 1155 έσχεν
485 1073 532 1148 εἰς
559 1072 597 1136 τὸ
628 1070 822 1136 συντελέσαι
849 1071 887 1135 τὸ
917 1071 1117 1153 βουλευθέν.

96 1177 137 1242 οὐ
160 1179 265 1258 μόνον
288 1179 352 1262 γάρ
376 1179 558 1265 στρατηγὸς
581 1178 629 1242 ὢν
651 1177 766 1264 κύριος
789 1186 846 1262 τῆς
869 1178 1041 1260 δυνάμεως
1062 1174 1117 1262 ἦν,

96 1284 179 1349 ἀλλά
207 1284 264 1349 καλ
293 1284 604 1372 προσαγγελθέντος
634 1285 685 1350 ὅτι
712 1284 800 1361 τινὲς
827 1294 894 1349 των
921 1283 1117 1360 ἀποστατῶν
1137 1307 1163 1347 ιο

96 1389 133 1457 έν
160 1400 200 1478 τῇ
228 1394 388 1480 μεσογείῳ
411 1393 495 1478 πρὸς
514 1388 648 1481 Ἐρβίτη
672 1390 857 1474 συνάγουσι
880 1392 1039 1475 δύναμιν,
1067 1389 1117 1469 ἐξ·

96 1500 215 1564 ουσίαν
238 1495 357 1582 ἔλαβεν
376 1498 575 1575 ἀνυπόπτως
597 1498 823 1582 καταγράφειν
842 1497 901 1575 οὐς
922 1509 1116 1584 προαιροῖτο

60 1605 303 1691 κστρατιύτας.
341 1607 394 1671 διὸ
417 1605 473 1670 καί
495 1605 735 1692 προσποιηθεὶς
758 1605 951 1690 στρατεύειν
973 1603 1029 1671 έπλ
1051 1607 1170 1690 τηνεκτ

92 1709 248 1796 Ἐρβίταν
270 1710 441 1790 κατέλεξεν
465 1713 512 1790 είς
539 1709 646 1788 τάξεις
671 1712 750 1788 τούς
772 1711 801 1777 τ’
818 1711 855 1778 ἐκ
876 1714 1117 1799 Μοργαντίνης

95 1818 150 1884 καλ
173 1829 240 1884 τῶν
259 1820 369 1885 ἀλλων
387 1829 455 1884 τῶν
473 1817 511 1884 έν
529 1828 569 1904 τῇ
592 1820 752 1906 μεσογείῳ
774 1820 905 1885 πόλεων
925 1821 1003 1897 τοὺς
1026 1819 1116 1905 αὐτῷ
1137 1839 1161 1879 ιι

60 1928 260 2012 επρότερον
287 1925 583 2011 συμπορευθέντας
609 1926 693 2012 πρὸς
714 1926 977 2013 Καρχηδονίους.
1023 1921 1117 1992 οὗτοι

95 2035 159 2118 γάρ
178 2033 299 2112 πάντες
317 2034 400 2118 πρὸς
417 2029 623 2116 Ἀγαθοκλέα
641 2032 703 2114 μὲν
721 2033 926 2099 εὐνούστατα
944 2033 1117 2118 διέκειντο,

95 2141 202 2205 πολλά
224 2139 541 2227 προευεργετημένοι
563 2141 645 2233 κατά
668 2142 726 2216 τὰς
754 2142 939 2224 στρατείας,
967 2141 1051 2224 πρὸς
1078 2141 1117 2206 δὲ

95 2249 173 2324 τοὺς
196 2246 233 2313 έν
251 2247 507 2334 Συρακούσσαις
530 2245 721 2330 ὀλιγαρχίας
742 2249 1023 2331 κεκοινωνηκότας
1045 2245 1117 2326 έξα-

95 2355 230 2431 κοσίους
257 2354 309 2419 ἀεὶ
336 2358 519 2435 πολεμικῶς
542 2344 633 2436 εἶχον
662 2351 717 2416 καλ
746 2355 896 2418 καθόλου
924 2355 984 2419 τὸν
1009 2355 1117 2438 δῆμον
1136 2374 1163 2415 ιο

95 2459 244 2544 ἐμίσουν,
262 2461 521 2544 ἀναγκαζόμενοι
536 2468 646 2524 ποιεῖν
661 2462 698 2524 τὸ
715 2461 1010 2545 προσταττόμενον.
1039 2462 1117 2526 τού-

95 2590 163 2633 των
190 2566 220 2632 δ’
242 2568 350 2632 όντων
377 2566 438 2649 μὲν
465 2568 525 2632 τὸν
553 2566 700 2652 ἀριθμὸν
728 2566 775 2642 είς
799 2570 1017 2652 τρισχιλίους,
1044 2579 1117 2647 ταῖς

95 2671 126 2738 δ’
145 2673 261 2758 ὁρμαῖς
283 2674 339 2739 καλ
358 2683 430 2750 ταῖς
448 2671 682 2760 προαιρέσεσιν
700 2672 935 2739 εὐθετωτάτων
953 2676 1037 2761 πρὸς
1054 2677 1117 2760 τὴν

95 2781 276 2846 κατάλυσιν
312 2790 370 2865 της
406 2781 627 2864 δημοκρατίας
662 2778 920 2865 προσεπελέξατο
957 2781 1013 2846 καί
1048 2792 1117 2848 τῶν

96 2893 241 2954 πολιτῶν
263 2890 342 2965 τοὺς
370 2888 426 2953 διά
453 2889 573 2952 πενίαν
595 2887 651 2953 καλ
679 2890 814 2972 φθόνον
839 2886 1117 2970 ἐναντιουμένους
1135 2907 1162 2948 ιι

166 3045 182 3098 1
205 3042 343 3112 ἑταιρείας
361 3044 391 3098 F.
436 3043 570 3107 ἑκάστους
592 3045 621 3099 F.
695 3044 713 3099 4
736 3044 820 3116 κατὰ]
847 3044 915 3114 μετὰ
939 3045 1019 3113 libri;
1045 3063 1115 3101 corr.

95 3115 184 3170 Wess.
231 3113 407 3185 έφηγημένον
425 3116 460 3183 F;
484 3117 618 3171 usitatius
644 3113 825 3211 ἀφηγηχιένον
852 3117 957 3187 (Dind.)
1030 3119 1117 3172 ὐκαλ

95 3195 157 3249 ταῖς
175 3184 272 3252 δόξαις
289 3187 318 3242 F.
392 3187 410 3242 8
447 3184 569 3256 ονληθέν
589 3188 617 3242 F.
690 3188 761 3258 θην
780 3205 833 3242 om.
848 3187 878 3242 F.
951 3186 1117 3263 11Ἐρβίτη

96 3259 176 3313 codd.
192 3275 301 3328 semper
316 3259 360 3328 (cf.
375 3258 414 3312 XI
451 3265 496 3327 1⁵3
513 3261 569 3329 16);
581 3256 695 3332 ‘Eqsslvy
708 3259 806 3325 Dind.;
826 3260 861 3314 cf.
877 3274 949 3328 quae
963 3259 1116 3317 Muellerus

97 3330 237 3398 congessit
256 3330 294 3384 ad
311 3329 516 3397 Ριο1.1Πι,ι.
585 3331 620 3385 12
638 3339 815 3399 προαιρεῖται
832 3330 862 3384 F.
932 3330 968 3387 14
981 3328 1116 3403 Ἐρβίταν

95 3400 146 3454 RX
168 3399 305 3473 ’Ἐρβεταν
327 3402 358 3456 Ρ.
399 3401 479 3468 τάξιν
500 3402 530 3456 F.
604 3402 640 3457 15
664 3402 713 3456 καὶ
737 3402 803 3462 τούς
820 3401 879 3458 ΡυΧ.
951 3403 985 3457 17
1005 3401 1116 3473 εὐμενέ-

81 3483 175 3522 cram
188 3473 220 3524 R
272 3473 313 3528 18
328 3469 604 3545 προενηργετημένοι
616 3473 648 3528 F.
697 3473 733 3528 111
749 3473 839 3547 <tim
855 3473 883 3528 ἐν
902 3478 935 3528 Σ.
947 3473 1016 3542 όλιγ.
1030 3475 1115 3531 Dind.

63 3534 118 3597 (015
132 3536 208 3592 ΧΗ
221 3547 247 3608 4,
266 3546 301 3612 3).
380 3545 421 3604 20
440 3547 500 3602 αίελ
520 3547 551 3605 F.
