2460 3848
422 193 464 250 01.
476 198 575 260 118‚4:
596 198 647 247 εοι
663 209 687 247 ε.
698 193 761 248 chr.
1034 197 1100 261 289

82 349 253 417 ναυτικαῖς
289 339 449 422 δυνάμεσι
485 339 540 405 καί
576 337 813 423 πολιτευομένη
845 337 1003 404 κάλλιστα
1033 351 1102 406 τῶν

78 445 248 531 Ἑλλήνων
276 446 495 531 περιμάχητος
523 455 593 522 τοῖς
622 445 800 522 δυνάσταις
827 444 882 510 καί
907 449 1102 528 βασιλεῦσιν

81 551 134 638 ἦν,
164 551 304 620 ἑκάστου
335 552 538 630 σπεύδοντος
567 554 614 629 εἰς
643 553 705 636 τήν
732 552 835 617 αὐτοῦ
860 553 977 636 φιλίαν
998 570 1101 639 προσ-

82 660 319 743 λαμβάνεσθαι.
365 658 580 745 προορωμένη
605 658 642 723 δὲ
664 661 843 744 πόρρωθεν
865 661 904 723 τὸ
928 660 1101 746 συμφέρον

50 789 62 830 ι
82 768 136 833 καί
163 770 247 852 πρὸς
273 767 420 843 ἅπαντας
445 763 516 832 κατ’
540 767 630 831 ἰδίαν
654 765 875 849 συντιθεμένη
899 768 960 850 τήν
984 768 1101 853 φιλίαν

80 885 148 940 τῶν
166 876 250 959 πρὸς
268 873 430 958 ἀλλήλους
446 883 516 951 τοῖς
529 873 708 950 δυνάσταις
722 872 875 955 πολέμων
889 873 929 937 ού
944 883 1100 958 μετεῖχεν.

81 981 197 1066 διόπερ
230 980 429 1062 συνέβαινεν
461 980 565 1064 αὐτὴν
596 988 756 1062 τιμᾶσθαι
785 981 847 1062 μὲν
875 977 935 1064 ὑφ’
961 978 1135 1048 έκάστονσ

80 1091 267 1170 βασιλικαῖς
289 1087 442 1171 δωρεαῖς,
465 1088 614 1171 ἰάχουσαν
637 1087 675 1152 δὲ
695 1089 804 1152 πολὺν
821 1090 946 1172 χρόνον
964 1089 1101 1172 εἰρήνην

80 1194 227 1278 μεγάλην
256 1192 408 1259 ἐπίδοσιν
436 1197 551 1276 λαβεῖν
573 1195 657 1280 πρὸς
680 1191 831 1277 αὔξησιν·
862 1192 917 1259 ἐπὶ
938 1203 1101 1260 τοσοῦτον

37 1325 63 1362 ιο
80 1302 144 1387 γὰρ
167 1301 391 1387 προεληλύθει
413 1300 584 1382 δυνάμεως
607 1297 691 1365 ὥσθ’
709 1300 793 1386 ὑπὲρ
816 1299 878 1382 μὲν
900 1311 968 1365 τῶν
986 1299 1101 1385 Ἑλλή-

81 1431 151 1473 νων
179 1407 248 1496 ἰδίηι
275 1411 334 1474 τὸν
361 1409 444 1494 πρὸς
466 1409 545 1483 τοὺς
568 1409 723 1491 πειρατὰς
745 1408 891 1489 πόλεμον
914 1406 1100 1492 ἐπαναιρεῖ-

81 1521 163 1580 σθαι
198 1516 254 1581 καί
289 1518 444 1599 καθαράν
475 1512 680 1597 παρέχεσθαι
711 1525 779 1579 τῶν
810 1515 1007 1600 κακούργων
1039 1516 1100 1597 τήν

79 1621 260 1705 θάλατταν,
283 1623 343 1687 τὸν
366 1621 403 1685 δὲ
425 1625 582 1685 πλεῖστον
607 1620 787 1705 ἰσχύσαντα
809 1632 877 1686 τῶν
894 1645 1100 1705 μνημονευο-

81 1728 190 1810 μένων
218 1726 436 1813 Ἀλέξανδρον
468 1726 702 1812 προτιμήσαντ’
729 1727 833 1812 αὐτὴν
862 1729 1003 1811 μάλιστα
1033 1740 1123 1794 τῶν.

38 1856 62 1895 ιε
80 1836 210 1901 πόλεων
241 1837 296 1902 καί
327 1836 389 1919 τήν
419 1833 504 1919 ὑπὲρ
537 1835 615 1917 ὅλης
646 1843 704 1917 τῆς
734 1837 903 1917 βασιλείας
932 1837 1100 1921 διαθήκην

81 1941 148 2007 ἐκεῖ
177 1941 303 2008 θέσθαι
335 1942 391 2006 καί
421 1942 524 2007 τάλλα
560 1941 743 2024 θαυμάζειν
774 1942 829 2007 καὶ
860 1942 1021 2026 προάγειν
1053 1945 1100 2018 εἰς

80 2048 256 2132 ὑπεροχήν.
303 2050 335 2114 οἰ
362 2050 395 2113 δ’
418 2043 481 2113 ούν
502 2046 620 2114 Ῥόδιοι
644 2048 727 2133 πρὸς
749 2048 873 2126 πάντας
896 2051 975 2125 τοὺς
998 2049 1134 2113 δυνά-4

81 2170 159 2232 στας
182 2155 433 2239 συντεθειμένοι
454 2157 516 2239 τήν
539 2158 656 2240 φιλίαν
679 2155 854 2239 διετήρουν
876 2155 937 2237 μέν
960 2154 1099 2232 ἑαυτοὺς

80 2259 173 2339 ἐκτὸς
209 2259 409 2347 ἐγκλήματος
446 2262 592 2345 δικαίου,
629 2272 700 2339 ταῖς
736 2262 767 2326 δ’
797 2262 942 2337 εὐνοίαις
979 2258 1099 2347 ἔρεπον

36 2391 62 2428 ιο
80 2368 220 2449 μάλιστα
246 2370 329 2455 πρὸς
352 2373 575 2450 Πτολεμαῖον·
604 2369 782 2452 συνέβαινε
808 2370 872 2451 γάρ
896 2368 1009 2446 αὐτοῖς
1031 2380 1099 2433 τῶν

80 2497 114 2537 τε
137 2476 314 2560 προσόδων
336 2477 395 2551 τὰς
416 2478 570 2552 πλείστας
588 2469 674 2542 εἰναι
693 2477 748 2541 διά
766 2478 845 2553 τοὺς
864 2477 911 2552 εἰς
923 2476 1098 2559 Αἰχυπτον

80 2580 240 2658 πλέοντας
278 2577 443 2664 ἐμπύρους
479 2583 534 2647 καί
570 2582 608 2647 τὸ
640 2583 786 2647 σύνολον
817 2582 1002 2668 τρέφεσθαι
1037 2585 1099 2667 τήν

80 2689 179 2752 πόλιν
211 2686 275 2752 ἀπὸ
307 2686 427 2771 ταύτης
459 2698 517 2772 τῆς
548 2691 723 2771 βασιλείας.
774 2689 792 2752 δ
823 2690 864 2773 δή
896 2701 1050 2776 συνορῶν
1080 2689 1151 2755 ὁ82

76 2792 266 2877 Ἀντίγονος
294 2794 350 2860 καί
379 2796 533 2860 σπεύδων
563 2796 685 2872 αὐτούς
714 2793 904 2861 άποσπάσαι
931 2806 988 2879 τής
1015 2798 1099 2880 πρὸς

35 2923 61 2962 τε
80 2900 209 2966 ἐκεῖνον
227 2899 405 2986 ἐπιπλοκῆς
421 2904 459 2968 τὸ
477 2902 539 2985 μὲν
556 2912 689 2986 πρῶτον
706 2904 910 2986 πρεσβευτὰς
928 2902 1098 2967 ἀπέστειλε

79 3011 159 3075 καθ’
189 3008 229 3073 ὃν
260 3010 378 3094 καιρὸν
408 3009 493 3096 ὑπὲρ
524 3017 582 3092 της
614 3008 756 3093 Κύπρον
793 3008 979 3090 διεπολέμει
1014 3010 1098 3094 πρὸς

80 3120 300 3200 Πτολεμαῖον,
327 3114 428 3194 ἀξιῶν
452 3117 540 3202 αὐτῷ
565 3124 747 3200 συμμαχεῖν
769 3115 825 3180 καὶ
847 3123 929 3191 ναῦς
952 3131 1098 3180 συναπο-

150 3273 168 3327 3
193 3275 279 3328 αὐτοῦ
305 3273 378 3327 libri.
456 3274 491 3328 10
516 3273 569 3343 γὰρ
596 3290 649 3327 om.
671 3271 704 3326 X.
778 3272 811 3326 11
838 3269 1044 3339 ἐπαναίρεσθαι
1066 3272 1096 3326 F.

80 3343 116 3398 14
133 3345 153 3398 f.
173 3345 333 3399 addendum
352 3342 531 3470 wamma?
554 3343 599 3412 (of.
618 3343 696 3397 XVII
716 3350 739 3411 1,
755 3346 789 3413 3).
839 3344 1048 3413 κροτιμήσαντα
1066 3344 1096 3397 F.

80 3414 115 3468 15
133 3416 182 3469 ιιοιί
200 3417 252 3486 τὴν
269 3425 318 3487 τῆς
336 3417 449 3482 ύπὲρδ.
524 3415 729 3478 λάπανταςΡ.
785 3415 887 3483 18ειχη,
905 3413 1060 3481 eima,
1072 3421 1095 3471 6.

80 3485 116 3539 19
134 3484 233 3612 ἔρετχον
247 3488 344 3613 libri;F
341 3488 375 3542 cf.
386 3487 597 3543 Winer-Schm.
612 3506 640 3555 p.
650 3493 692 3542 66.
743 3487 778 3541 20
797 3488 899 3549 αὐτούς
914 3486 944 3540 F.
995 3486 1029 3540 27
1048 3487 1096 3539 καί

80 3565 150 3619 ναῦς
168 3579 187 3612 α
205 3566 260 3614 τῶν
280 3576 302 3614 σ.
346 3604 351 3614 .

133 3665 256 3707 Diodorus.
269 3667 297 3708 V.
914 3667 953 3714 Ἦ
