<?xml version="1.0" encoding="UTF-8"?>
<!DOCTYPE html PUBLIC "-//W3C//DTD XHTML 1.0 Transitional//EN"
    "http://www.w3.org/TR/xhtml1/DTD/xhtml1-transitional.dtd">
<html xmlns="http://www.w3.org/1999/xhtml" xml:lang="en" lang="en">
 <head>
  <title>
</title>
<meta http-equiv="Content-Type" content="text/html;charset=utf-8" />
  <meta name='ocr-system' content='tesseract 3.04.00' />
  <meta name='ocr-capabilities' content='ocr_page ocr_carea ocr_par ocr_line ocrx_word'/>
</head>
<body>
  <div class='ocr_page' id='page_1' title='image "./diodoribiblioth00vogegoog_0038.png"; bbox 0 0 2460 3848; ppageno 0'>
   <div class='ocr_carea' id='block_1_1' title="bbox 419 197 1098 268">
    <p class='ocr_par' dir='ltr' id='par_1_1' title="bbox 419 197 1098 268">
     <span class='ocr_line' id='line_1_1' title="bbox 419 197 1098 268; baseline 0 -15"><span class='ocrx_word' id='word_1_1' title='bbox 419 198 572 266; x_wconf 78' lang='lat' dir='ltr'>0L115,4:</span> <span class='ocrx_word' id='word_1_2' title='bbox 592 203 643 253; x_wconf 75' lang='grc' dir='ltr'><strong><em>εει</em></strong></span> <span class='ocrx_word' id='word_1_3' title='bbox 659 197 758 253; x_wconf 61' lang='grc' dir='ltr'><strong><em>σου.</em></strong></span> <span class='ocrx_word' id='word_1_4' title='bbox 1057 203 1098 268; x_wconf 82' lang='lat'><strong><em>13</em></strong></span> 
     </span>
    </p>
   </div>
   <div class='ocr_carea' id='block_1_2' title="bbox 32 343 1184 1711">
    <p class='ocr_par' dir='ltr' id='par_1_2' title="bbox 32 343 1184 1711">
     <span class='ocr_line' id='line_1_2' title="bbox 78 343 1098 431; baseline 0.002 -22"><span class='ocrx_word' id='word_1_5' title='bbox 78 344 135 409; x_wconf 77' lang='grc' dir='ltr'><strong><em>καί</em></strong></span> <span class='ocrx_word' id='word_1_6' title='bbox 162 344 218 409; x_wconf 87' lang='grc' dir='ltr'><strong><em>διά</em></strong></span> <span class='ocrx_word' id='word_1_7' title='bbox 244 352 342 410; x_wconf 80' lang='grc' dir='ltr'><strong><em>τοῦτο</em></strong></span> <span class='ocrx_word' id='word_1_8' title='bbox 371 344 411 410; x_wconf 86' lang='grc' dir='ltr'><strong><em>οὐ</em></strong></span> <span class='ocrx_word' id='word_1_9' title='bbox 438 346 642 427; x_wconf 84' lang='grc' dir='ltr'><strong><em>βουλόμενος</em></strong></span> <span class='ocrx_word' id='word_1_10' title='bbox 664 343 768 410; x_wconf 82' lang='grc' dir='ltr'><strong><em>αὐτὸν</em></strong></span> <span class='ocrx_word' id='word_1_11' title='bbox 791 355 944 431; x_wconf 81' lang='grc' dir='ltr'><strong><em>φανερῶς</em></strong></span> <span class='ocrx_word' id='word_1_12' title='bbox 967 344 1098 411; x_wconf 73' lang='grc' dir='ltr'><strong><em>ἀνελεῖν</em></strong></span> 
     </span>
     <span class='ocr_line' id='line_1_3' title="bbox 79 448 1099 535; baseline -0.002 -18"><span class='ocrx_word' id='word_1_13' title='bbox 79 448 230 517; x_wconf 87' lang='grc' dir='ltr'><strong><em>ἐκέλευεν</em></strong></span> <span class='ocrx_word' id='word_1_14' title='bbox 257 448 294 515; x_wconf 88' lang='grc' dir='ltr'><strong><em>ἐκ</em></strong></span> <span class='ocrx_word' id='word_1_15' title='bbox 320 461 378 535; x_wconf 81' lang='grc' dir='ltr'><strong><em>τής</em></strong></span> <span class='ocrx_word' id='word_1_16' title='bbox 405 452 531 527; x_wconf 90' lang='grc' dir='ltr'><strong><em>πόλεως</em></strong></span> <span class='ocrx_word' id='word_1_17' title='bbox 558 460 757 535; x_wconf 74' lang='grc' dir='ltr'><strong><em>μεταστῆναι</em></strong></span> <span class='ocrx_word' id='word_1_18' title='bbox 783 451 840 517; x_wconf 77' lang='grc' dir='ltr'><strong><em>καί</em></strong></span> <span class='ocrx_word' id='word_1_19' title='bbox 870 454 950 529; x_wconf 81' lang='grc' dir='ltr'><strong><em>τοὺς</em></strong></span> <span class='ocrx_word' id='word_1_20' title='bbox 978 453 1099 529; x_wconf 90' lang='grc' dir='ltr'><strong><em>νυκτὸς</em></strong></span> 
     </span>
     <span class='ocr_line' id='line_1_4' title="bbox 77 556 1132 642; baseline 0.001 -19"><span class='ocrx_word' id='word_1_21' title='bbox 77 558 161 623; x_wconf 86' lang='grc' dir='ltr'><strong><em>κατά</em></strong></span> <span class='ocrx_word' id='word_1_22' title='bbox 186 558 249 642; x_wconf 85' lang='grc' dir='ltr'><strong><em>τήν</em></strong></span> <span class='ocrx_word' id='word_1_23' title='bbox 276 557 358 623; x_wconf 89' lang='grc' dir='ltr'><strong><em>ὁδὸν</em></strong></span> <span class='ocrx_word' id='word_1_24' title='bbox 385 556 649 635; x_wconf 78' lang='grc' dir='ltr'><strong><em>ἀποκτενοῦντας</em></strong></span> <span class='ocrx_word' id='word_1_25' title='bbox 677 556 912 635; x_wconf 85' lang='grc' dir='ltr'><strong><em>ἐξαπέστειλεν.</em></strong></span> <span class='ocrx_word' id='word_1_26' title='bbox 959 557 1132 642; x_wconf 59' lang='lat' dir='ltr'><em>’Amo-2</em></span> 
     </span>
     <span class='ocr_line' id='line_1_5' title="bbox 77 663 1097 750; baseline 0 -20"><span class='ocrx_word' id='word_1_27' title='bbox 77 670 157 749; x_wconf 84' lang='grc' dir='ltr'><strong><em>κλής</em></strong></span> <span class='ocrx_word' id='word_1_28' title='bbox 185 665 222 730; x_wconf 78' lang='grc' dir='ltr'><strong><em>δὲ</em></strong></span> <span class='ocrx_word' id='word_1_29' title='bbox 249 664 575 749; x_wconf 78' lang='grc' dir='ltr'><strong><em>καταστοχασάμενος</em></strong></span> <span class='ocrx_word' id='word_1_30' title='bbox 602 671 755 742; x_wconf 75' lang='grc' dir='ltr'><strong><em>πιθανῶς</em></strong></span> <span class='ocrx_word' id='word_1_31' title='bbox 777 666 839 750; x_wconf 76' lang='grc' dir='ltr'><strong><em>τήν</em></strong></span> <span class='ocrx_word' id='word_1_32' title='bbox 861 663 1014 731; x_wconf 90' lang='grc' dir='ltr'><strong><em>ἐπίνοιαν</em></strong></span> <span class='ocrx_word' id='word_1_33' title='bbox 1036 673 1097 730; x_wconf 85' lang='grc' dir='ltr'><strong><em>τοῦ</em></strong></span> 
     </span>
     <span class='ocr_line' id='line_1_6' title="bbox 46 770 1098 858; baseline 0.003 -25"><span class='ocrx_word' id='word_1_34' title='bbox 46 780 264 856; x_wconf 84' lang='grc' dir='ltr'><strong><em>εστρατηγοῦ</em></strong></span> <span class='ocrx_word' id='word_1_35' title='bbox 291 781 359 836; x_wconf 80' lang='grc' dir='ltr'><strong><em>τῶν</em></strong></span> <span class='ocrx_word' id='word_1_36' title='bbox 385 771 516 836; x_wconf 79' lang='grc' dir='ltr'><strong><em>παίδων</em></strong></span> <span class='ocrx_word' id='word_1_37' title='bbox 543 770 708 849; x_wconf 80' lang='grc' dir='ltr'><strong><em>ἐξελέξατο</em></strong></span> <span class='ocrx_word' id='word_1_38' title='bbox 737 774 796 838; x_wconf 85' lang='grc' dir='ltr'><strong><em>τὸν</em></strong></span> <span class='ocrx_word' id='word_1_39' title='bbox 823 771 929 858; x_wconf 78' lang='grc' dir='ltr'><strong><em>ἐαυτῷ</em></strong></span> <span class='ocrx_word' id='word_1_40' title='bbox 958 772 1098 854; x_wconf 89' lang='grc' dir='ltr'><strong><em>μάλιστα</em></strong></span> 
     </span>
     <span class='ocr_line' id='line_1_7' title="bbox 78 877 1098 962; baseline 0 -20"><span class='ocrx_word' id='word_1_41' title='bbox 78 877 207 943; x_wconf 78' lang='grc' dir='ltr'><strong><em>ἐοικότα</em></strong></span> <span class='ocrx_word' id='word_1_42' title='bbox 236 878 292 943; x_wconf 78' lang='grc' dir='ltr'><strong><em>καί</em></strong></span> <span class='ocrx_word' id='word_1_43' title='bbox 320 879 402 942; x_wconf 83' lang='grc' dir='ltr'><strong><em>κατά</em></strong></span> <span class='ocrx_word' id='word_1_44' title='bbox 431 878 468 943; x_wconf 90' lang='grc' dir='ltr'><strong><em>τὸ</em></strong></span> <span class='ocrx_word' id='word_1_45' title='bbox 498 878 641 961; x_wconf 87' lang='grc' dir='ltr'><strong><em>μέγεθος</em></strong></span> <span class='ocrx_word' id='word_1_46' title='bbox 669 888 730 944; x_wconf 84' lang='grc' dir='ltr'><strong><em>τοῦ</em></strong></span> <span class='ocrx_word' id='word_1_47' title='bbox 758 879 907 962; x_wconf 83' lang='grc' dir='ltr'><strong><em>σώματος</em></strong></span> <span class='ocrx_word' id='word_1_48' title='bbox 933 879 989 944; x_wconf 78' lang='grc' dir='ltr'><strong><em>καί</em></strong></span> <span class='ocrx_word' id='word_1_49' title='bbox 1015 879 1098 943; x_wconf 87' lang='grc' dir='ltr'><strong><em>κατά</em></strong></span> 
     </span>
     <span class='ocr_line' id='line_1_8' title="bbox 77 984 1098 1072; baseline 0.001 -24"><span class='ocrx_word' id='word_1_50' title='bbox 77 985 139 1067; x_wconf 82' lang='grc' dir='ltr'><strong><em>τήν</em></strong></span> <span class='ocrx_word' id='word_1_51' title='bbox 165 985 258 1064; x_wconf 81' lang='grc' dir='ltr'><strong><em>όήαν·</em></strong></span> <span class='ocrx_word' id='word_1_52' title='bbox 286 985 392 1072; x_wconf 78' lang='grc' dir='ltr'><strong><em>τούτῳ</em></strong></span> <span class='ocrx_word' id='word_1_53' title='bbox 420 985 458 1050; x_wconf 80' lang='grc' dir='ltr'><strong><em>δέ</em></strong></span> <span class='ocrx_word' id='word_1_54' title='bbox 485 985 566 1062; x_wconf 86' lang='grc' dir='ltr'><strong><em>δοὺς</em></strong></span> <span class='ocrx_word' id='word_1_55' title='bbox 592 986 654 1069; x_wconf 83' lang='grc' dir='ltr'><strong><em>τήν</em></strong></span> <span class='ocrx_word' id='word_1_56' title='bbox 682 984 803 1051; x_wconf 81' lang='grc' dir='ltr'><strong><em>ἑαυτοῦ</em></strong></span> <span class='ocrx_word' id='word_1_57' title='bbox 830 988 1020 1051; x_wconf 79' lang='grc' dir='ltr'><strong><em>πανοπλίαν</em></strong></span> <span class='ocrx_word' id='word_1_58' title='bbox 1042 985 1098 1050; x_wconf 81' lang='grc' dir='ltr'><strong><em>καλ</em></strong></span> 
     </span>
     <span class='ocr_line' id='line_1_9' title="bbox 77 1087 1098 1179; baseline 0.003 -25"><span class='ocrx_word' id='word_1_59' title='bbox 77 1092 137 1156; x_wconf 84' lang='grc' dir='ltr'><strong><em>τὸν</em></strong></span> <span class='ocrx_word' id='word_1_60' title='bbox 160 1092 274 1174; x_wconf 81' lang='grc' dir='ltr'><strong><em>ἵππον,</em></strong></span> <span class='ocrx_word' id='word_1_61' title='bbox 301 1087 349 1155; x_wconf 81' lang='grc' dir='ltr'><strong><em>ἐτι</em></strong></span> <span class='ocrx_word' id='word_1_62' title='bbox 377 1091 414 1156; x_wconf 78' lang='grc' dir='ltr'><strong><em>δὲ</em></strong></span> <span class='ocrx_word' id='word_1_63' title='bbox 436 1092 498 1176; x_wconf 76' lang='grc' dir='ltr'><strong><em>τήν</em></strong></span> <span class='ocrx_word' id='word_1_64' title='bbox 520 1090 647 1176; x_wconf 81' lang='grc' dir='ltr'><strong><em>ἐσθήτα</em></strong></span> <span class='ocrx_word' id='word_1_65' title='bbox 669 1093 918 1179; x_wconf 81' lang='grc' dir='ltr'><strong><em>παρεκρούσατο</em></strong></span> <span class='ocrx_word' id='word_1_66' title='bbox 941 1094 1020 1170; x_wconf 79' lang='grc' dir='ltr'><strong><em>τοὺς</em></strong></span> <span class='ocrx_word' id='word_1_67' title='bbox 1043 1090 1098 1157; x_wconf 81' lang='grc' dir='ltr'><strong><em>ἐπί</em></strong></span> 
     </span>
     <span class='ocr_line' id='line_1_10' title="bbox 77 1183 1184 1286; baseline 0.001 -23"><span class='ocrx_word' id='word_1_68' title='bbox 77 1198 139 1282; x_wconf 84' lang='grc' dir='ltr'><strong><em>τήν</em></strong></span> <span class='ocrx_word' id='word_1_69' title='bbox 170 1197 343 1285; x_wconf 89' lang='grc' dir='ltr'><strong><em>ἀναίρεσιν</em></strong></span> <span class='ocrx_word' id='word_1_70' title='bbox 374 1197 625 1276; x_wconf 79' lang='grc' dir='ltr'><strong><em>ἀποσταλέντας.</em></strong></span> <span class='ocrx_word' id='word_1_71' title='bbox 681 1200 781 1276; x_wconf 86' lang='grc' dir='ltr'><strong><em>αὐτὸς</em></strong></span> <span class='ocrx_word' id='word_1_72' title='bbox 813 1199 851 1264; x_wconf 80' lang='grc' dir='ltr'><strong><em>δέ</em></strong></span> <span class='ocrx_word' id='word_1_73' title='bbox 888 1199 970 1286; x_wconf 83' lang='grc' dir='ltr'><strong><em>ῥάκη</em></strong></span> <span class='ocrx_word' id='word_1_74' title='bbox 1006 1217 1132 1285; x_wconf 80' lang='grc' dir='ltr'><strong><em>περι-ε</em></strong></span> <span class='ocrx_word' id='word_1_75' title='bbox 1183 1183 1184 1186; x_wconf 17' lang='lat'>¹</span> 
     </span>
     <span class='ocr_line' id='line_1_11' title="bbox 32 1304 1097 1392; baseline 0.002 -25"><span class='ocrx_word' id='word_1_76' title='bbox 32 1326 58 1367; x_wconf 83' lang='grc' dir='ltr'><strong><em>ιο</em></strong></span> <span class='ocrx_word' id='word_1_77' title='bbox 76 1306 259 1388; x_wconf 80' lang='grc' dir='ltr'><strong><em>βαλόμενος</em></strong></span> <span class='ocrx_word' id='word_1_78' title='bbox 287 1304 407 1392; x_wconf 85' lang='grc' dir='ltr'><strong><em>ἀνοδίηι</em></strong></span> <span class='ocrx_word' id='word_1_79' title='bbox 433 1307 494 1390; x_wconf 86' lang='grc' dir='ltr'><strong><em>τήν</em></strong></span> <span class='ocrx_word' id='word_1_80' title='bbox 521 1304 717 1392; x_wconf 77' lang='grc' dir='ltr'><strong><em>ὁδοιπορίαν</em></strong></span> <span class='ocrx_word' id='word_1_81' title='bbox 744 1304 930 1390; x_wconf 89' lang='grc' dir='ltr'><strong><em>ἐποιήσατο.</em></strong></span> <span class='ocrx_word' id='word_1_82' title='bbox 976 1304 1097 1371; x_wconf 81' lang='grc' dir='ltr'><strong><em>ἐκεῖνοι</em></strong></span> 
     </span>
     <span class='ocr_line' id='line_1_12' title="bbox 77 1411 1097 1497; baseline 0.001 -21"><span class='ocrx_word' id='word_1_83' title='bbox 77 1411 115 1476; x_wconf 80' lang='grc' dir='ltr'><strong><em>δέ</em></strong></span> <span class='ocrx_word' id='word_1_84' title='bbox 147 1411 211 1476; x_wconf 88' lang='grc' dir='ltr'><strong><em>ἀπὸ</em></strong></span> <span class='ocrx_word' id='word_1_85' title='bbox 243 1422 311 1477; x_wconf 82' lang='grc' dir='ltr'><strong><em>τῶν</em></strong></span> <span class='ocrx_word' id='word_1_86' title='bbox 343 1412 455 1477; x_wconf 84' lang='grc' dir='ltr'><strong><em>ὅπλων</em></strong></span> <span class='ocrx_word' id='word_1_87' title='bbox 487 1412 542 1476; x_wconf 80' lang='grc' dir='ltr'><strong><em>καλ</em></strong></span> <span class='ocrx_word' id='word_1_88' title='bbox 569 1422 636 1477; x_wconf 75' lang='grc' dir='ltr'><strong><em>τῶν</em></strong></span> <span class='ocrx_word' id='word_1_89' title='bbox 664 1413 774 1478; x_wconf 84' lang='grc' dir='ltr'><strong><em>ἀλλων</em></strong></span> <span class='ocrx_word' id='word_1_90' title='bbox 802 1416 983 1497; x_wconf 83' lang='grc' dir='ltr'><strong><em>συσσήμων</em></strong></span> <span class='ocrx_word' id='word_1_91' title='bbox 1013 1412 1097 1477; x_wconf 85' lang='grc' dir='ltr'><strong><em>ὑπο-</em></strong></span> 
     </span>
     <span class='ocr_line' id='line_1_13' title="bbox 77 1512 1096 1606; baseline 0 -23"><span class='ocrx_word' id='word_1_92' title='bbox 77 1521 236 1601; x_wconf 85' lang='grc' dir='ltr'><strong><em>λαβόντες</em></strong></span> <span class='ocrx_word' id='word_1_93' title='bbox 268 1512 354 1584; x_wconf 82' lang='grc' dir='ltr'><strong><em>εἶναι</em></strong></span> <span class='ocrx_word' id='word_1_94' title='bbox 385 1519 445 1583; x_wconf 87' lang='grc' dir='ltr'><strong><em>τὸν</em></strong></span> <span class='ocrx_word' id='word_1_95' title='bbox 468 1517 672 1602; x_wconf 76' lang='grc' dir='ltr'><strong><em>Ἀγαθοκλέα</em></strong></span> <span class='ocrx_word' id='word_1_96' title='bbox 703 1519 759 1584; x_wconf 77' lang='grc' dir='ltr'><strong><em>καί</em></strong></span> <span class='ocrx_word' id='word_1_97' title='bbox 789 1517 942 1606; x_wconf 85' lang='grc' dir='ltr'><strong><em>τάκριβές</em></strong></span> <span class='ocrx_word' id='word_1_98' title='bbox 971 1518 1027 1582; x_wconf 89' lang='grc' dir='ltr'><strong><em>διά</em></strong></span> <span class='ocrx_word' id='word_1_99' title='bbox 1058 1520 1096 1583; x_wconf 90' lang='grc' dir='ltr'><strong><em>τὸ</em></strong></span> 
     </span>
     <span class='ocr_line' id='line_1_14' title="bbox 77 1624 1097 1711; baseline -0.001 -22"><span class='ocrx_word' id='word_1_100' title='bbox 77 1627 194 1702; x_wconf 92' lang='grc' dir='ltr'><strong><em>σκότος</em></strong></span> <span class='ocrx_word' id='word_1_101' title='bbox 216 1625 258 1690; x_wconf 80' lang='grc' dir='ltr'><strong><em>οὐ</em></strong></span> <span class='ocrx_word' id='word_1_102' title='bbox 283 1626 477 1702; x_wconf 82' lang='grc' dir='ltr'><strong><em>συνιδόντες</em></strong></span> <span class='ocrx_word' id='word_1_103' title='bbox 503 1627 563 1691; x_wconf 90' lang='grc' dir='ltr'><strong><em>τὸν</em></strong></span> <span class='ocrx_word' id='word_1_104' title='bbox 590 1626 652 1709; x_wconf 78' lang='grc' dir='ltr'><strong><em>μὲν</em></strong></span> <span class='ocrx_word' id='word_1_105' title='bbox 675 1627 784 1711; x_wconf 82' lang='grc' dir='ltr'><strong><em>φόνον</em></strong></span> <span class='ocrx_word' id='word_1_106' title='bbox 807 1624 1012 1708; x_wconf 84' lang='grc' dir='ltr'><strong><em>ἐπετέλεσαν,</em></strong></span> <span class='ocrx_word' id='word_1_107' title='bbox 1039 1636 1097 1709; x_wconf 78' lang='grc' dir='ltr'><strong><em>τῆς</em></strong></span> 
     </span>
    </p>
   </div>
   <div class='ocr_carea' id='block_1_3' title="bbox 31 1729 1132 1926">
    <p class='ocr_par' dir='ltr' id='par_1_3' title="bbox 31 1729 1132 1926">
     <span class='ocr_line' id='line_1_15' title="bbox 77 1729 1132 1820; baseline 0.003 -24"><span class='ocrx_word' id='word_1_108' title='bbox 77 1732 115 1797; x_wconf 78' lang='grc' dir='ltr'><strong><em>δὲ</em></strong></span> <span class='ocrx_word' id='word_1_109' title='bbox 133 1731 442 1818; x_wconf 79' lang='grc' dir='ltr'><strong><em>προκεχειρισμένης</em></strong></span> <span class='ocrx_word' id='word_1_110' title='bbox 459 1729 607 1819; x_wconf 84' lang='grc' dir='ltr'><strong><em>πράξεως</em></strong></span> <span class='ocrx_word' id='word_1_111' title='bbox 625 1733 815 1820; x_wconf 75' lang='grc' dir='ltr'><strong><em>διήμαρτον.</em></strong></span> <span class='ocrx_word' id='word_1_112' title='bbox 842 1735 922 1815; x_wconf 83' lang='grc' dir='ltr'><strong><em>μετὰ</em></strong></span> <span class='ocrx_word' id='word_1_113' title='bbox 941 1732 1097 1797; x_wconf 78' lang='grc' dir='ltr'><strong><em>δὲταῦτα</em></strong></span> <span class='ocrx_word' id='word_1_114' title='bbox 1115 1752 1132 1799; x_wconf 84' lang='lat'>4</span> 
     </span>
     <span class='ocr_line' id='line_1_16' title="bbox 31 1838 1095 1926; baseline 0.004 -27"><span class='ocrx_word' id='word_1_115' title='bbox 31 1860 57 1900; x_wconf 77' lang='grc' dir='ltr'><strong><em>ιε</em></strong></span> <span class='ocrx_word' id='word_1_116' title='bbox 76 1850 144 1903; x_wconf 83' lang='grc' dir='ltr'><strong><em>τῶν</em></strong></span> <span class='ocrx_word' id='word_1_117' title='bbox 162 1841 384 1924; x_wconf 80' lang='grc' dir='ltr'><strong><em>Συρακοσίων</em></strong></span> <span class='ocrx_word' id='word_1_118' title='bbox 401 1838 672 1921; x_wconf 83' lang='grc' dir='ltr'><strong><em>καταδεξαμένων</em></strong></span> <span class='ocrx_word' id='word_1_119' title='bbox 694 1843 773 1918; x_wconf 84' lang='grc' dir='ltr'><strong><em>τοὺς</em></strong></span> <span class='ocrx_word' id='word_1_120' title='bbox 795 1842 876 1922; x_wconf 86' lang='grc' dir='ltr'><strong><em>μετά</em></strong></span> <span class='ocrx_word' id='word_1_121' title='bbox 893 1839 1095 1926; x_wconf 81' lang='grc' dir='ltr'><strong><em>Σωστράτου</em></strong></span> 
     </span>
    </p>
   </div>
   <div class='ocr_carea' id='block_1_4' title="bbox 30 1946 1130 3102">
    <p class='ocr_par' dir='ltr' id='par_1_4' title="bbox 30 1946 1130 3102">
     <span class='ocr_line' id='line_1_17' title="bbox 77 1946 1097 2033; baseline 0.003 -24"><span class='ocrx_word' id='word_1_122' title='bbox 77 1946 309 2031; x_wconf 79' lang='grc' dir='ltr'><strong><em>φυγάδαςκαέ</em></strong></span> <span class='ocrx_word' id='word_1_123' title='bbox 330 1947 413 2032; x_wconf 90' lang='grc' dir='ltr'><strong><em>πρὸς</em></strong></span> <span class='ocrx_word' id='word_1_124' title='bbox 436 1947 690 2033; x_wconf 80' lang='grc' dir='ltr'><strong><em>Καρχηδονίους</em></strong></span> <span class='ocrx_word' id='word_1_125' title='bbox 713 1948 850 2031; x_wconf 79' lang='grc' dir='ltr'><strong><em>εἰρήνην</em></strong></span> <span class='ocrx_word' id='word_1_126' title='bbox 879 1946 1097 2029; x_wconf 88' lang='grc' dir='ltr'><strong><em>συνθεμένων</em></strong></span> 
     </span>
     <span class='ocr_line' id='line_1_18' title="bbox 73 2048 1096 2140; baseline 0.001 -23"><span class='ocrx_word' id='word_1_127' title='bbox 73 2048 277 2136; x_wconf 75' lang='grc' dir='ltr'><strong><em>Ἀγαθοκλῆς</em></strong></span> <span class='ocrx_word' id='word_1_128' title='bbox 305 2054 416 2137; x_wconf 85' lang='grc' dir='ltr'><strong><em>φυγάς</em></strong></span> <span class='ocrx_word' id='word_1_129' title='bbox 442 2053 490 2118; x_wconf 78' lang='grc' dir='ltr'><strong><em>διν</em></strong></span> <span class='ocrx_word' id='word_1_130' title='bbox 519 2054 609 2118; x_wconf 84' lang='grc' dir='ltr'><strong><em>ίδίαν</em></strong></span> <span class='ocrx_word' id='word_1_131' title='bbox 636 2054 781 2135; x_wconf 83' lang='grc' dir='ltr'><strong><em>δύναμιν</em></strong></span> <span class='ocrx_word' id='word_1_132' title='bbox 809 2052 846 2119; x_wconf 88' lang='grc' dir='ltr'><strong><em>ἐν</em></strong></span> <span class='ocrx_word' id='word_1_133' title='bbox 868 2063 908 2138; x_wconf 76' lang='grc' dir='ltr'><strong><em>τῇ</em></strong></span> <span class='ocrx_word' id='word_1_134' title='bbox 936 2055 1096 2140; x_wconf 79' lang='grc' dir='ltr'><strong><em>μεσογείῳ</em></strong></span> 
     </span>
     <span class='ocr_line' id='line_1_19' title="bbox 77 2161 1096 2245; baseline 0 -21"><span class='ocrx_word' id='word_1_135' title='bbox 77 2163 310 2244; x_wconf 88' lang='grc' dir='ltr'><strong><em>συνεστήσατο.</em></strong></span> <span class='ocrx_word' id='word_1_136' title='bbox 361 2162 540 2243; x_wconf 88' lang='grc' dir='ltr'><strong><em>γενόμενος</em></strong></span> <span class='ocrx_word' id='word_1_137' title='bbox 569 2161 608 2226; x_wconf 79' lang='grc' dir='ltr'><strong><em>δέ</em></strong></span> <span class='ocrx_word' id='word_1_138' title='bbox 640 2162 784 2245; x_wconf 86' lang='grc' dir='ltr'><strong><em>φοβερὸς</em></strong></span> <span class='ocrx_word' id='word_1_139' title='bbox 816 2161 856 2225; x_wconf 82' lang='grc' dir='ltr'><strong><em>ου</em></strong></span> <span class='ocrx_word' id='word_1_140' title='bbox 889 2162 995 2242; x_wconf 91' lang='grc' dir='ltr'><strong><em>μόνον</em></strong></span> <span class='ocrx_word' id='word_1_141' title='bbox 1026 2170 1096 2237; x_wconf 81' lang='grc' dir='ltr'><strong><em>τοῖς</em></strong></span> 
     </span>
     <span class='ocr_line' id='line_1_20' title="bbox 76 2265 1096 2352; baseline -0.001 -22"><span class='ocrx_word' id='word_1_142' title='bbox 76 2269 240 2351; x_wconf 84' lang='grc' dir='ltr'><strong><em>πολίταις,</em></strong></span> <span class='ocrx_word' id='word_1_143' title='bbox 272 2266 356 2332; x_wconf 88' lang='grc' dir='ltr'><strong><em>ἀλλά</em></strong></span> <span class='ocrx_word' id='word_1_144' title='bbox 386 2266 443 2331; x_wconf 81' lang='grc' dir='ltr'><strong><em>καί</em></strong></span> <span class='ocrx_word' id='word_1_145' title='bbox 474 2277 543 2343; x_wconf 83' lang='grc' dir='ltr'><strong><em>τοῖς</em></strong></span> <span class='ocrx_word' id='word_1_146' title='bbox 570 2268 816 2352; x_wconf 89' lang='grc' dir='ltr'><strong><em>Καρχηδονίοις</em></strong></span> <span class='ocrx_word' id='word_1_147' title='bbox 847 2265 988 2350; x_wconf 86' lang='grc' dir='ltr'><strong><em>ἐπείσθη</em></strong></span> <span class='ocrx_word' id='word_1_148' title='bbox 1020 2289 1096 2331; x_wconf 91' lang='grc' dir='ltr'><strong><em>κατ-</em></strong></span> 
     </span>
     <span class='ocr_line' id='line_1_21' title="bbox 31 2374 1096 2459; baseline 0.003 -24"><span class='ocrx_word' id='word_1_149' title='bbox 31 2394 58 2435; x_wconf 81' lang='grc' dir='ltr'><strong><em>εο</em></strong></span> <span class='ocrx_word' id='word_1_150' title='bbox 77 2377 192 2437; x_wconf 76' lang='grc' dir='ltr'><strong><em>ελθείν</em></strong></span> <span class='ocrx_word' id='word_1_151' title='bbox 223 2375 271 2450; x_wconf 82' lang='grc' dir='ltr'><strong><em>είς</em></strong></span> <span class='ocrx_word' id='word_1_152' title='bbox 302 2375 363 2458; x_wconf 86' lang='grc' dir='ltr'><strong><em>τήν</em></strong></span> <span class='ocrx_word' id='word_1_153' title='bbox 394 2374 538 2459; x_wconf 90' lang='grc' dir='ltr'><strong><em>πατρίδα</em></strong></span> <span class='ocrx_word' id='word_1_154' title='bbox 569 2374 625 2439; x_wconf 81' lang='grc' dir='ltr'><strong><em>καλ</em></strong></span> <span class='ocrx_word' id='word_1_155' title='bbox 661 2374 845 2459; x_wconf 77' lang='grc' dir='ltr'><strong><em>παραχθείς</em></strong></span> <span class='ocrx_word' id='word_1_156' title='bbox 881 2375 928 2450; x_wconf 79' lang='grc' dir='ltr'><strong><em>εἰς</em></strong></span> <span class='ocrx_word' id='word_1_157' title='bbox 964 2375 1001 2439; x_wconf 90' lang='grc' dir='ltr'><strong><em>τὸ</em></strong></span> <span class='ocrx_word' id='word_1_158' title='bbox 1038 2383 1096 2457; x_wconf 81' lang='grc' dir='ltr'><strong><em>τῆς</em></strong></span> 
     </span>
     <span class='ocr_line' id='line_1_22' title="bbox 76 2479 1096 2565; baseline 0.001 -22"><span class='ocrx_word' id='word_1_159' title='bbox 76 2483 253 2565; x_wconf 89' lang='grc' dir='ltr'><strong><em>Δήμητρος</em></strong></span> <span class='ocrx_word' id='word_1_160' title='bbox 278 2481 368 2565; x_wconf 80' lang='grc' dir='ltr'><strong><em>ἱερὸν</em></strong></span> <span class='ocrx_word' id='word_1_161' title='bbox 390 2480 457 2547; x_wconf 79' lang='grc' dir='ltr'><strong><em>ὑπὸ</em></strong></span> <span class='ocrx_word' id='word_1_162' title='bbox 479 2491 547 2546; x_wconf 80' lang='grc' dir='ltr'><strong><em>τῶν</em></strong></span> <span class='ocrx_word' id='word_1_163' title='bbox 569 2486 715 2547; x_wconf 82' lang='grc' dir='ltr'><strong><em>πολιτῶν</em></strong></span> <span class='ocrx_word' id='word_1_164' title='bbox 738 2482 845 2563; x_wconf 78' lang='grc' dir='ltr'><strong><em>ὤμοσε</em></strong></span> <span class='ocrx_word' id='word_1_165' title='bbox 872 2481 977 2565; x_wconf 78' lang='grc' dir='ltr'><strong><em>μηδὲν</em></strong></span> <span class='ocrx_word' id='word_1_166' title='bbox 1000 2479 1096 2546; x_wconf 88' lang='grc' dir='ltr'><strong><em>ἐναν-</em></strong></span> 
     </span>
     <span class='ocr_line' id='line_1_23' title="bbox 76 2588 1130 2675; baseline 0.004 -25"><span class='ocrx_word' id='word_1_167' title='bbox 76 2589 304 2671; x_wconf 87' lang='grc' dir='ltr'><strong><em>τιωθήσεσθαι</em></strong></span> <span class='ocrx_word' id='word_1_168' title='bbox 340 2596 380 2674; x_wconf 84' lang='grc' dir='ltr'><strong><em>τή</em></strong></span> <span class='ocrx_word' id='word_1_169' title='bbox 417 2588 629 2675; x_wconf 76' lang='grc' dir='ltr'><strong><em>δημοκρατία.</em></strong></span> <span class='ocrx_word' id='word_1_170' title='bbox 688 2588 928 2674; x_wconf 76' lang='grc' dir='ltr'><strong><em>προσποιηθεὶς</em></strong></span> <span class='ocrx_word' id='word_1_171' title='bbox 965 2588 1003 2653; x_wconf 78' lang='grc' dir='ltr'><strong><em>δὲ</em></strong></span> <span class='ocrx_word' id='word_1_172' title='bbox 1038 2597 1130 2671; x_wconf 80' lang='grc' dir='ltr'><strong><em>τήςσ</em></strong></span> 
     </span>
     <span class='ocr_line' id='line_1_24' title="bbox 76 2694 1096 2779; baseline 0 -21"><span class='ocrx_word' id='word_1_173' title='bbox 76 2694 296 2779; x_wconf 91' lang='grc' dir='ltr'><strong><em>δημοκρατίας</em></strong></span> <span class='ocrx_word' id='word_1_174' title='bbox 325 2697 550 2779; x_wconf 83' lang='grc' dir='ltr'><strong><em>προίστασθαι</em></strong></span> <span class='ocrx_word' id='word_1_175' title='bbox 580 2695 636 2760; x_wconf 76' lang='grc' dir='ltr'><strong><em>καὶ</em></strong></span> <span class='ocrx_word' id='word_1_176' title='bbox 668 2695 907 2779; x_wconf 88' lang='grc' dir='ltr'><strong><em>δημαγωγήσας</em></strong></span> <span class='ocrx_word' id='word_1_177' title='bbox 939 2697 1096 2771; x_wconf 87' lang='grc' dir='ltr'><strong><em>ποικίλως</em></strong></span> 
     </span>
     <span class='ocr_line' id='line_1_25' title="bbox 75 2800 1095 2888; baseline 0.001 -23"><span class='ocrx_word' id='word_1_178' title='bbox 75 2801 115 2865; x_wconf 88' lang='grc' dir='ltr'><strong><em>τά</em></strong></span> <span class='ocrx_word' id='word_1_179' title='bbox 138 2805 251 2885; x_wconf 86' lang='grc' dir='ltr'><strong><em>πλήθη</em></strong></span> <span class='ocrx_word' id='word_1_180' title='bbox 271 2802 452 2886; x_wconf 86' lang='grc' dir='ltr'><strong><em>στρατηγὸς</em></strong></span> <span class='ocrx_word' id='word_1_181' title='bbox 470 2801 656 2886; x_wconf 90' lang='grc' dir='ltr'><strong><em>κατεστάθη</em></strong></span> <span class='ocrx_word' id='word_1_182' title='bbox 675 2801 730 2867; x_wconf 75' lang='grc' dir='ltr'><strong><em>καὶ</em></strong></span> <span class='ocrx_word' id='word_1_183' title='bbox 749 2800 857 2885; x_wconf 79' lang='grc' dir='ltr'><strong><em>φύλαξ</em></strong></span> <span class='ocrx_word' id='word_1_184' title='bbox 876 2812 934 2887; x_wconf 76' lang='grc' dir='ltr'><strong><em>τῆς</em></strong></span> <span class='ocrx_word' id='word_1_185' title='bbox 952 2803 1095 2888; x_wconf 79' lang='grc' dir='ltr'><strong><em>εἰρήνης,</em></strong></span> 
     </span>
     <span class='ocr_line' id='line_1_26' title="bbox 30 2907 1096 2993; baseline 0.003 -24"><span class='ocrx_word' id='word_1_186' title='bbox 30 2928 57 2968; x_wconf 84' lang='grc' dir='ltr'><strong><em>ετ</em></strong></span> <span class='ocrx_word' id='word_1_187' title='bbox 75 2907 170 2993; x_wconf 86' lang='grc' dir='ltr'><strong><em>μέχρι</em></strong></span> <span class='ocrx_word' id='word_1_188' title='bbox 197 2907 240 2972; x_wconf 82' lang='grc' dir='ltr'><strong><em>ἀν</em></strong></span> <span class='ocrx_word' id='word_1_189' title='bbox 266 2910 411 2992; x_wconf 90' lang='grc' dir='ltr'><strong><em>γνησίως</em></strong></span> <span class='ocrx_word' id='word_1_190' title='bbox 438 2907 669 2993; x_wconf 88' lang='grc' dir='ltr'><strong><em>ὁμονοήσωσιν</em></strong></span> <span class='ocrx_word' id='word_1_191' title='bbox 695 2909 728 2974; x_wconf 80' lang='grc' dir='ltr'><strong><em>οἱ</em></strong></span> <span class='ocrx_word' id='word_1_192' title='bbox 755 2911 1021 2992; x_wconf 88' lang='grc' dir='ltr'><strong><em>συνεληλυθότες</em></strong></span> <span class='ocrx_word' id='word_1_193' title='bbox 1048 2909 1096 2985; x_wconf 79' lang='grc' dir='ltr'><strong><em>εἰς</em></strong></span> 
     </span>
     <span class='ocr_line' id='line_1_27' title="bbox 75 3015 1129 3102; baseline -0.001 -23"><span class='ocrx_word' id='word_1_194' title='bbox 75 3015 137 3098; x_wconf 85' lang='grc' dir='ltr'><strong><em>τήν</em></strong></span> <span class='ocrx_word' id='word_1_195' title='bbox 154 3017 263 3080; x_wconf 90' lang='grc' dir='ltr'><strong><em>πόλιν.</em></strong></span> <span class='ocrx_word' id='word_1_196' title='bbox 299 3016 347 3092; x_wconf 85' lang='grc' dir='ltr'><strong><em>είς</em></strong></span> <span class='ocrx_word' id='word_1_197' title='bbox 369 3016 475 3080; x_wconf 87' lang='grc' dir='ltr'><strong><em>πολλά</em></strong></span> <span class='ocrx_word' id='word_1_198' title='bbox 498 3016 561 3102; x_wconf 83' lang='grc' dir='ltr'><strong><em>γάρ</em></strong></span> <span class='ocrx_word' id='word_1_199' title='bbox 585 3015 667 3102; x_wconf 90' lang='grc' dir='ltr'><strong><em>μέρη</em></strong></span> <span class='ocrx_word' id='word_1_200' title='bbox 690 3015 868 3098; x_wconf 85' lang='grc' dir='ltr'><strong><em>συνέβαινε</em></strong></span> <span class='ocrx_word' id='word_1_201' title='bbox 891 3015 1094 3101; x_wconf 81' lang='grc' dir='ltr'><strong><em>διαιρεῖσθαι</em></strong></span> <span class='ocrx_word' id='word_1_202' title='bbox 1114 3033 1129 3079; x_wconf 85' lang='grc'>6</span> 
     </span>
    </p>
   </div>
   <div class='ocr_carea' id='block_1_5' title="bbox 60 3205 1138 3634">
    <p class='ocr_par' dir='ltr' id='par_1_5' title="bbox 60 3205 1138 3634">
     <span class='ocr_line' id='line_1_28' title="bbox 146 3205 1094 3283; baseline 0 -21"><span class='ocrx_word' id='word_1_203' title='bbox 146 3208 164 3262; x_wconf 99' lang='grc'>2</span> <span class='ocrx_word' id='word_1_204' title='bbox 190 3205 331 3263; x_wconf 80' lang='grc' dir='ltr'><strong><em>ἐκέλευσεν</em></strong></span> <span class='ocrx_word' id='word_1_205' title='bbox 353 3209 383 3263; x_wconf 73' lang='lat' dir='ltr'><strong><em>F.</em></strong></span> <span class='ocrx_word' id='word_1_206' title='bbox 456 3208 474 3263; x_wconf 77' lang='grc' dir='ltr'><strong><em>δ</em></strong></span> <span class='ocrx_word' id='word_1_207' title='bbox 496 3206 729 3280; x_wconf 84' lang='grc' dir='ltr'><strong><em>περιβαλλόμενος</em></strong></span> <span class='ocrx_word' id='word_1_208' title='bbox 745 3209 776 3262; x_wconf 79' lang='lat' dir='ltr'><strong><em>F.</em></strong></span> <span class='ocrx_word' id='word_1_209' title='bbox 849 3207 885 3261; x_wconf 83' lang='lat'><strong><em>10</em></strong></span> <span class='ocrx_word' id='word_1_210' title='bbox 910 3205 1020 3283; x_wconf 80' lang='grc' dir='ltr'><strong><em>ἀνοδίᾳ</em></strong></span> <span class='ocrx_word' id='word_1_211' title='bbox 1044 3217 1094 3262; x_wconf 76' lang='grc' dir='ltr'><strong><em>τοῦ</em></strong></span> 
     </span>
     <span class='ocr_line' id='line_1_29' title="bbox 60 3276 1092 3354; baseline -0.002 -19"><span class='ocrx_word' id='word_1_212' title='bbox 60 3277 171 3348; x_wconf 55' lang='grc' dir='ltr'><strong><em>ἐτέρου</em></strong></span> <span class='ocrx_word' id='word_1_213' title='bbox 195 3276 296 3349; x_wconf 77' lang='grc' dir='ltr'><strong><em>μέρους</em></strong></span> <span class='ocrx_word' id='word_1_214' title='bbox 317 3280 348 3336; x_wconf 72' lang='grc' dir='ltr'><strong><em>Ρ.</em></strong></span> <span class='ocrx_word' id='word_1_215' title='bbox 421 3280 456 3334; x_wconf 77' lang='grc'><strong><em>17</em></strong></span> <span class='ocrx_word' id='word_1_216' title='bbox 481 3279 526 3351; x_wconf 77' lang='grc' dir='ltr'><strong><em>τῇ]</em></strong></span> <span class='ocrx_word' id='word_1_217' title='bbox 551 3281 635 3354; x_wconf 73' lang='grc' dir='ltr'><strong><em>τῷἙ.</em></strong></span> <span class='ocrx_word' id='word_1_218' title='bbox 708 3279 743 3334; x_wconf 81' lang='grc'><strong><em>19</em></strong></span> <span class='ocrx_word' id='word_1_219' title='bbox 766 3280 815 3334; x_wconf 78' lang='grc' dir='ltr'><strong><em>καί</em></strong></span> <span class='ocrx_word' id='word_1_220' title='bbox 838 3276 1045 3349; x_wconf 87' lang='grc' dir='ltr'><strong><em>Καρχηδονίοις</em></strong></span> <span class='ocrx_word' id='word_1_221' title='bbox 1062 3280 1092 3333; x_wconf 76' lang='lat' dir='ltr'><strong><em>F.</em></strong></span> 
     </span>
     <span class='ocr_line' id='line_1_30' title="bbox 75 3349 1092 3424; baseline -0.003 -18"><span class='ocrx_word' id='word_1_222' title='bbox 75 3351 109 3406; x_wconf 86' lang='grc'><strong><em>21</em></strong></span> <span class='ocrx_word' id='word_1_223' title='bbox 136 3349 409 3424; x_wconf 85' lang='grc' dir='ltr'><strong><em>ἐναντιωθήσεσθαι]</em></strong></span> <span class='ocrx_word' id='word_1_224' title='bbox 438 3351 659 3406; x_wconf 83' lang='grc' dir='ltr'><strong><em>ἐναντιώσεσθαι</em></strong></span> <span class='ocrx_word' id='word_1_225' title='bbox 685 3351 769 3406; x_wconf 88' lang='lat' dir='ltr'><strong>Dind.</strong></span> <span class='ocrx_word' id='word_1_226' title='bbox 802 3351 849 3420; x_wconf 83' lang='lat' dir='ltr'><strong>(cf.</strong></span> <span class='ocrx_word' id='word_1_227' title='bbox 872 3350 886 3403; x_wconf 95' lang='grc' dir='ltr'>Ι</span> <span class='ocrx_word' id='word_1_228' title='bbox 910 3369 937 3419; x_wconf 89' lang='lat' dir='ltr'><strong><em>p.</em></strong></span> <span class='ocrx_word' id='word_1_229' title='bbox 959 3349 1092 3415; x_wconf 79' lang='lat' dir='ltr'>XXXIX).</span> 
     </span>
     <span class='ocr_line' id='line_1_31' title="bbox 74 3421 1112 3499; baseline 0 -23"><span class='ocrx_word' id='word_1_230' title='bbox 74 3422 111 3476; x_wconf 87' lang='grc'><strong><em>22</em></strong></span> <span class='ocrx_word' id='word_1_231' title='bbox 137 3426 171 3494; x_wconf 78' lang='grc' dir='ltr'><strong><em>τῇ</em></strong></span> <span class='ocrx_word' id='word_1_232' title='bbox 198 3421 380 3499; x_wconf 73' lang='grc' dir='ltr'><strong><em>δημοκρατίην.</em></strong></span> <span class='ocrx_word' id='word_1_233' title='bbox 419 3423 625 3492; x_wconf 78' lang='grc' dir='ltr'><strong><em>προσποιηθεὶς</em></strong></span> <span class='ocrx_word' id='word_1_234' title='bbox 654 3439 709 3478; x_wconf 91' lang='lat' dir='ltr'><strong><em>om.</em></strong></span> <span class='ocrx_word' id='word_1_235' title='bbox 730 3423 766 3490; x_wconf 60' lang='lat' dir='ltr'><strong><em>ff„</em></strong></span> <span class='ocrx_word' id='word_1_236' title='bbox 790 3422 846 3491; x_wconf 58' lang='grc' dir='ltr'><strong><em>σοὶ</em></strong></span> <span class='ocrx_word' id='word_1_237' title='bbox 866 3421 972 3490; x_wconf 50' lang='grc' dir='ltr'><strong><em>ηοερζκκ</em></strong></span> <span class='ocrx_word' id='word_1_238' title='bbox 995 3425 1051 3483; x_wconf 58' lang='lat' dir='ltr'><strong><em>&lt;m</em></strong></span> <span class='ocrx_word' id='word_1_239' title='bbox 1074 3421 1112 3496; x_wconf 53' lang='lat' dir='ltr'><strong><em>R}</em></strong></span> 
     </span>
     <span class='ocr_line' id='line_1_32' title="bbox 76 3485 1138 3570; baseline 0.001 -22"><span class='ocrx_word' id='word_1_240' title='bbox 76 3492 276 3562; x_wconf 76' lang='grc' dir='ltr'><strong><em>δημοκρατίαος</em></strong></span> <span class='ocrx_word' id='word_1_241' title='bbox 312 3494 343 3548; x_wconf 78' lang='lat' dir='ltr'><strong><em>in</em></strong></span> <span class='ocrx_word' id='word_1_242' title='bbox 374 3510 464 3568; x_wconf 77' lang='lat' dir='ltr'>marg.</span> <span class='ocrx_word' id='word_1_243' title='bbox 499 3494 594 3570; x_wconf 72' lang='lat' dir='ltr'><strong>suppl.</strong></span> <span class='ocrx_word' id='word_1_244' title='bbox 622 3502 651 3553; x_wconf 69' lang='lat'><strong><em>2.</em></strong></span> <span class='ocrx_word' id='word_1_245' title='bbox 671 3514 717 3552; x_wconf 82' lang='lat' dir='ltr'><strong><em>m.</em></strong></span> <span class='ocrx_word' id='word_1_246' title='bbox 751 3490 973 3565; x_wconf 58' lang='grc' dir='ltr'><strong><em>προσποιηθδς</em></strong></span> <span class='ocrx_word' id='word_1_247' title='bbox 1004 3485 1041 3536; x_wconf 51' lang='lat'><strong><em>⁸2</em></strong></span> <span class='ocrx_word' id='word_1_248' title='bbox 1072 3498 1138 3540; x_wconf 51' lang='grc' dir='ltr'><strong><em>Ἤθ-</em></strong></span> 
     </span>
     <span class='ocr_line' id='line_1_33' title="bbox 67 3562 405 3634; baseline 0.027 -18"><span class='ocrx_word' id='word_1_249' title='bbox 67 3563 105 3616; x_wconf 81' lang='grc'><strong><em>26</em></strong></span> <span class='ocrx_word' id='word_1_250' title='bbox 122 3562 327 3634; x_wconf 80' lang='grc' dir='ltr'><strong><em>ὁμονοήσουσιν</em></strong></span> <span class='ocrx_word' id='word_1_251' title='bbox 345 3568 405 3625; x_wconf 84' lang='grc' dir='ltr'><strong><em>ΒΧ.</em></strong></span> 
     </span>
    </p>
   </div>
   <div class='ocr_carea' id='block_1_6' title="bbox 0 0 1234 3848">
    <p class='ocr_par' dir='ltr' id='par_1_6' title="bbox 0 0 1234 3848">
     <span class='ocr_line' id='line_1_34' title="bbox 0 0 1234 3848; baseline 0 0"><span class='ocrx_word' id='word_1_252' title='bbox 0 0 1234 3848; x_wconf 95' lang='lat' dir='ltr'><strong><em> </em></strong></span> 
     </span>
    </p>
   </div>
  </div>
 </body>
</html>
