2460 3848
84 206 105 269 2
493 200 607 255 Diodor.
622 198 693 254 XIX.

84 342 121 415 ιγ’
123 388 128 398 .
154 341 311 414 Ἀντιγόνου
336 340 437 411 πορεία
462 341 511 396 διὰ
536 349 584 412 τῆς
607 341 710 411 ἐρήμου
734 341 780 395 ἐπλ
802 342 868 403 τούς
888 338 1035 410 πολεμίους
1054 341 1105 394 καί

157 431 284 494 ἐπίθεσις
301 439 360 492 τοϊς
379 430 409 484 ἐν
427 435 461 502 τῇ
480 427 688 505 παραχειμασίᾳ
707 427 827 499 θηρίοις.

84 519 128 577 ιδ’.
154 524 198 584 Ὡς
223 519 403 589 παρατάξεως
428 515 578 589 γενομένης
601 516 755 588 Ἀντίγονος
777 517 918 587 ἐκυρίευσε
941 518 1033 588 πάσης
1055 527 1106 589 τῆς

154 619 210 665 τῶν
230 606 456 678 ἀντιταχθέντων
476 607 627 677 δυνάμεως.

84 696 126 754 ιε’.
153 701 199 761 Ὡς
221 699 334 767 Εόμενη
359 697 408 751 καί
430 706 487 751 τῶν
510 695 600 751 ἄλλων
622 694 766 766 ἡγεμόνων
783 698 849 759 τούς
867 695 1015 765 ἀλλοτρίως
1032 693 1106 764 πρός
1141 712 1151 752 fi

156 784 242 842 αότόν
261 783 444 848 διατεθέντας
463 788 579 841 ἀνεῖλεν.

85 874 129 931 ις’.
151 875 183 932 Ὁ
205 873 353 947 γενόμενος
375 874 406 928 ἐν
425 872 512 947 Ῥόδῳ
535 872 727 945 κατακλυσμὸς
749 875 852 930 καὶτὰ
871 874 1015 946 συμβάντα
1032 875 1151 942 περίδΙΙ

155 966 207 1036 τὴν
225 961 306 1019 πόλιν
326 963 495 1034 ἀτυχήματα.

85 1052 125 1120 ιζ.
155 1052 305 1115 Πείθωνος
327 1051 376 1108 ὑπ’
399 1050 556 1122 Ἀντιγόνου
579 1052 707 1115 θάνατος
728 1053 778 1108 καλ
800 1061 856 1108 τῶν
875 1051 914 1107 δι’
927 1049 1014 1108 αύτόν
1033 1053 1106 1107 ἀπο-

157 1142 281 1197 στάντων
299 1143 340 1205 είς
357 1143 408 1213 την
427 1139 545 1211 Μηδίαν
564 1140 714 1209 ἀναίρεσις.
1127 1159 1151 1198 10

86 1227 132 1300 ιη’.
153 1230 340 1301 Ὀλυμπιάδος
359 1230 459 1293 ἅλωσις
477 1228 532 1286 όπδ
552 1230 722 1299 Κασάνδρου
740 1231 790 1285 καλ
808 1230 942 1293 θάνατος.

85 1317 135 1375 ιδ’.
156 1322 200 1383 Ὡς
231 1320 400 1388 Κάσανδρος
438 1318 645 1388 Θεσσαλονίκην
682 1318 764 1391 ἐγημε
796 1320 847 1389 την
881 1318 1020 1375 Φιλίππου
1054 1329 1106 1375 τοῦ

155 1410 299 1479 Ἀμύντου,
336 1409 483 1478 ἐπώνυμον
520 1407 547 1463 δ’
581 1409 682 1463 ἑαυτοῦ
719 1406 801 1464 πόλιν
837 1408 945 1464 ἔκτισεν
978 1409 1024 1463 ἐπὶ
1056 1417 1107 1479 της

156 1498 312 1568 Παλλήνης.

84 1585 118 1642 κ’.
155 1589 201 1650 Ὡς
215 1584 405 1657 Πολυπέρχων
424 1588 565 1658 ἀπογνούς
582 1586 618 1641 τὰ
635 1584 706 1655 πρὸς
723 1588 789 1650 τούς
807 1589 929 1658 βασιλεῖς
947 1586 1050 1658 ἔφυγεν
1065 1588 1108 1650 είς
1127 1603 1151 1642 ισ

155 1677 207 1747 τὴν
226 1673 373 1731 Αἰτωλίαν.

84 1762 138 1820 κα’.
156 1767 201 1828 Ὡς
226 1764 394 1832 Κάσανδρος
420 1765 472 1835 την
498 1773 554 1818 τῶν
582 1763 715 1835 Θηβαίων
739 1762 822 1820 πόλιν
849 1763 898 1819 ὑπ’
926 1764 1107 1833 Ἀλεξάνδρου

157 1850 385 1923 κατεσκαμμένην
404 1851 617 1922 ἀποκατέστησε.

84 1941 136 2015 κβ’.
157 1943 228 2012 Περί
246 1952 302 1997 τῶν
321 1942 429 2005 ἐντοῖς
447 1940 576 2012 ἀρχαίοις
593 1940 706 2013 χρόνοις
725 1943 888 2014 συμβάντων
906 1947 940 2015 τῇ
956 1939 1036 1997 πόλει
1048 1952 1107 1998 τῶν

159 2029 293 2104 Θηβαίων
311 2032 360 2085 καί
378 2031 498 2093 ποσάκις
516 2030 672 2094 ἀνάστατος
690 2030 806 2104 ἐγένετο.
1127 2049 1151 2088 ει

84 2122 135 2192 κγ’.
155 2122 227 2190 Περί
244 2130 301 2176 τῶν
319 2119 506 2191 πραχθέντων
524 2120 683 2193 Κασάνδρῳ
702 2120 775 2175 κατὰ
793 2117 1019 2189 Πελοπόννησον,

84 2208 137 2266 κδ’.
156 2207 313 2280 Ἀντιγόνου
335 2209 404 2280 μετά
426 2218 475 2278 της
493 2208 637 2279 δυνάμεως
654 2210 809 2282 κατάβασις
827 2209 873 2264 ἐπὶ
891 2209 1037 2264 θάλατταν
1056 2212 1107 2264 καί

156 2300 231 2370 φυγὴ
251 2300 391 2354 Σελεύκου
409 2295 480 2367 πρὸς
498 2302 673 2368 Πτολεμαῖον
692 2300 732 2362 είς
750 2298 902 2368 Αίγυπτον.

85 2385 132 2442 κε’.
157 2389 299 2449 Σύνθεσις
318 2385 494 2455 Πτολεμαίου
521 2389 569 2442 καί
594 2390 733 2443 Σελεύκου
755 2388 803 2442 καί
828 2387 1012 2456 Κασάνδρου,
1035 2386 1109 2457 πρὸς

157 2477 187 2530 δὲ
206 2477 315 2538 τούτοις
333 2478 382 2530 καὶ
396 2475 558 2546 Λυσιμάχου
576 2473 647 2544 πρός
662 2474 712 2532 τὸν
726 2475 788 2530 κατ’
805 2474 961 2547 Ἀντιγόνου
975 2474 1106 2548 πόλεμον.
1128 2492 1151 2532 25

85 2563 137 2619 κε’,
155 2566 201 2627 Ὡς
218 2563 372 2634 Ἀντίγονος
390 2573 460 2627 ναῦς
477 2585 506 2619 τε
524 2565 628 2628 πολλὰς
646 2564 858 2634 ἐναυπηγήσατο
872 2566 921 2621 καί
936 2569 1109 2637 στρατηγούς

158 2651 316 2709 ἀπέστειλεν
335 2654 376 2717 είς
393 2674 422 2708 τε
440 2655 491 2725 τὴν
506 2652 628 2709 Ἑλλάδα
646 2651 763 2710 καὶτὸν
782 2652 902 2710 Πόντον.

86 2740 134 2808 κζ,
157 2744 202 2806 Ὡς
226 2740 297 2812 πρὸς
321 2740 498 2812 Ἀλέξανδρον
522 2741 572 2799 τὸν
595 2741 826 2814 Πολυπέρχοντος
849 2742 946 2811 φιλίαν
970 2741 1107 2801 συνέθετο

156 2832 205 2886 καί
226 2833 319 2900 Τύρον
342 2830 550 2902 ἐξεπολιόρκησε
569 2833 618 2886 καί
637 2833 674 2896 ὡς
692 2831 867 2901 Ἀλέξανδρος
885 2830 1016 2902 μετέθετο
1035 2832 1109 2903 πρὸς

158 2921 335 2988 Κάσανδρον.
1127 2938 1151 2977 ιο

85 3007 138 3078 κη’.
157 3012 202 3072 Ὡς
220 3011 404 3072 Πολύκλειτος
423 3008 438 3065 ὁ
457 3009 633 3079 Πτολεμαίου
652 3012 793 3082 ναύαρχος
811 3009 920 3079 ἐνίκησε
938 3013 1004 3074 τούς
1020 3012 1108 3067 Ἀντι-

157 3097 242 3169 γόνου
262 3101 431 3169 στρατηγούς
449 3101 498 3153 καὶ
516 3099 589 3154 κατὰ
608 3107 659 3170 γῆν
679 3100 728 3154 καί
747 3099 820 3155 κατά
838 3100 992 3156 θάλατταν.

159 3277 341 3340 9Πείθωνος
354 3277 433 3344 libri;
449 3278 483 3332 of.
498 3277 589 3333 XVIII
604 3285 663 3345 3,1.
711 3278 746 3333 13
760 3279 936 3333 δέαάτούΡ.
984 3279 1020 3334 14
1033 3283 1108 3334 Πελ-

86 3349 170 3416 λη’νης
195 3348 258 3415 RX3
287 3352 317 3402 ab
345 3349 379 3403 cf.
404 3349 467 3402 XIX
491 3356 533 3418 62,
548 3357 571 3404 2.
650 3350 686 3404 15
710 3348 916 3420 Πολυσπέρχων
938 3351 960 3403 F
987 3368 1107 3420 semper.

81 3420 120 3471 25
137 3417 260 3488 πόλεμον
290 3420 420 3475 θάνατον
438 3420 496 3474 RX.
562 3421 598 3476 28
615 3419 665 3476 τόν
684 3418 924 3493 Πολυπέρχοντος]
945 3422 994 3476 καλ
1012 3426 1109 3477 Πολυ-

56 3485 216 3570 ,m‘elom
314 3499 357 3561 57,
374 3499 405 3562 ὃς
427 3493 636 3567 60‚1(D'md.).
688 3492 725 3547 ‘m
745 3490 978 3560 ἐξεπολιόρκησεν.
995 3490 1049 3561 κη’.
1070 3496 1109 3558 ὡς

50 3559 85 3604 Α
106 3556 140 3609 Ε
219 3562 258 3617 31
276 3564 447 3638 Ἀντιγόνου
470 3587 525 3626 om.
541 3568 575 3624 F.
