2460 3848
133 194 197 260 llO
478 193 591 248 Diodor.
601 192 666 248 XIX
681 199 802 248 68-70.

130 340 318 420 πυθόμενοι
348 337 385 402 δὲ
415 343 625 422 Πτολεμαῖον
654 339 714 404 τὸν
740 335 934 423 Ἀντιγονου
965 343 1150 426 στρατηγὸν

130 446 191 528 την
218 445 363 527 δύναμιν
391 446 438 522 είς
464 448 727 531 παραχειμασίαν
750 445 942 537 διῃρηκέναι
968 448 1024 512 καί
1047 448 1151 514 αὐτὸν

130 551 346 636 ἀσχολεῖσθαι
368 551 445 637 περί
468 553 531 635 την
557 554 669 638 ταφὴν
695 561 755 618 τοῦ
783 555 922 640 πατρός,
949 555 1151 637 Εὐπόλεμον

130 657 326 726 ἀπέστειλαν
357 657 551 744 ἐνεδρεῦσαι
582 669 652 736 τοις
682 663 852 742 πολεμίοις
883 661 960 746 περὶ
992 661 1151 748 Κάπριμα

129 774 187 849 της
209 767 350 850 Καρίας·
378 764 628 849 συνεξέπεμψαν
656 766 686 830 δ’
704 766 793 853 αὐτῷ
821 769 939 846 πεζοὺς
965 768 1027 850 μέν
1055 768 1150 833 ὀκτα-
1182 789 1194 829 ι

94 873 325 956 σκισχιλίους,
355 873 465 949 ίππελς
491 872 529 938 δὲ
554 873 753 950 διακοσίους.
798 871 877 940 καθ’
895 873 937 940 δν
959 875 1000 959 δὴ
1024 877 1150 960 χρόνον

129 982 336 1061 Πτολεμαῖος
357 979 446 1064 παρά
469 1001 571 1044 τινων
594 979 788 1061 αὐτομόλων
811 980 956 1058 ἀκούσας
982 982 1043 1065 την
1068 1002 1151 1068 προ-

129 1085 258 1170 αίρεσιν
284 1096 352 1151 τών
379 1088 546 1168 πολεμίων
572 1087 713 1171 ἤθροισε
740 1086 802 1170 μὲν
826 1099 894 1153 τών
917 1089 1061 1172 πλησίον
1083 1111 1150 1172 χει-

128 1194 297 1274 μαζόντων
316 1204 526 1278 στρατιωτῶν
547 1195 666 1271 πεζοὺς
687 1193 749 1276 μέν
773 1194 1035 1279 ὀκτακισχιλίους
1057 1219 1149 1281 τρια-

94 1301 276 1383 ικοσίους,
311 1301 420 1378 ίππείς
452 1297 482 1364 δ’
509 1298 708 1379 ἑξακοσίους.
764 1300 967 1378 ἀνελπίστως
998 1301 1036 1366 δὲ
1068 1296 1201 1405 περίδζο2

128 1405 228 1488 μέσας
254 1407 377 1484 νύκτας
404 1405 572 1490 ἐπιβαλών
598 1417 643 1495 τῷ
672 1409 790 1494 χάρακι
817 1418 885 1474 τῶν
908 1406 1070 1474 έναντίων
1093 1409 1149 1474 καί

127 1514 322 1596 καταλαβών
345 1512 557 1598 ἀφυλάκτους
579 1515 634 1580 καί
656 1515 883 1599 κοιμωμένους
906 1516 1008 1580 αὐτόν
1031 1538 1066 1580 τε
1089 1517 1149 1581 τὸν

127 1621 326 1703 Εὐπόλεμον
349 1619 511 1706 ἐζώγρησε
529 1622 584 1687 καί
602 1625 680 1700 τούς
699 1623 899 1708 στρατιώτας
917 1623 1149 1707 συνηνάγκασε

127 1728 337 1812 παραδοῦναι
360 1735 448 1813 σφᾶς
470 1728 600 1806 αὐτούς.
641 1731 681 1794 τά
703 1729 765 1811 μὲν
789 1723 852 1796 οὐν
875 1729 1049 1812 συμβάντα
1071 1729 1148 1813 περί

127 1835 206 1909 τούς
242 1832 484 1912 ἀποσταλέντας
520 1834 586 1901 ύπὸ
619 1836 822 1921 Κασάνδρου
859 1839 1063 1921 στρατηγοὺς
1100 1837 1148 1914 είς
1167 1854 1192 1895 ιι

127 1940 188 2024 την
207 1936 321 2007 Ἀσίαν
344 1939 468 2007 τοιαῦτ’
485 1938 537 2026 ἦν.

74 2046 116 2111 69
194 2046 383 2133 Ἀντίγονος
419 2045 450 2114 δ’
478 2048 567 2134 ὁρών
598 2050 658 2114 τὸν
690 2049 893 2135 Κάσανδρον
926 2049 1147 2135 ἀντεχόμενον

126 2166 183 2240 της
207 2152 318 2234 Ἀσίας
344 2160 539 2242 Λημύτριον
568 2155 629 2239 μὲν
659 2157 718 2221 τὸν
747 2157 825 2222 υἱὸν
853 2155 1012 2223 ἀπέλιπεν
1041 2155 1079 2222 έν
1105 2165 1147 2242 τη

126 2265 253 2350 Συρίᾳ,
282 2261 467 2349 προστάξας
496 2260 685 2347 ἐνεδρεύειν
713 2264 793 2340 τοὺς
821 2264 898 2349 περὶ
925 2268 1147 2347 Πτολεμαῖον,

127 2368 185 2445 οδς
207 2368 403 2435 ὑπώπτευεν
426 2367 462 2435 έκ
484 2378 542 2452 τῆς
561 2369 737 2453 Αἰγύπτου
761 2369 918 2455 προάξειν
941 2371 1021 2453 μετά
1045 2369 1147 2435 δυνά·
1166 2391 1192 2432 ει

126 2497 210 2557 μεως
242 2473 297 2541 ἐπὶ
328 2478 471 2561 Συρίας,
508 2475 711 2541 συναπέλιπε
748 2473 778 2541 δ’
805 2476 895 2565 αὐτῷ
931 2479 1048 2555 πεζοὺς
1084 2476 1146 2559 μὲν

127 2578 241 2658 ξένους
264 2584 419 2668 μυρίους,
442 2583 642 2660 Μακεδόνας
662 2583 700 2649 δὲ
721 2583 918 2669 δισχιλίους,
941 2585 1089 2661 Λυκίους
1108 2582 1146 2648 δὲ

126 2687 181 2751 καί
200 2691 424 2774 Παμφυλίους
441 2690 693 2774 πεντακοσίους,
716 2689 850 2776 Πέρσας
873 2689 910 2755 δὲ
932 2688 1067 2768 τοξότας
1089 2691 1146 2755 καί

126 2795 355 2879 σφενδονήτας
377 2799 624 2882 τετρακοσίους,
653 2798 761 2874 ἱππεῖς
788 2797 826 2863 δὲ
848 2798 1146 2882 πεντακισχιλίους,

127 2899 308 2986 ἐλέφαντας
319 2902 358 2968 δὲ
371 2906 506 2981 πλείους
519 2914 587 2970 τών
598 2903 850 2989 τεσσαράκοντα.
878 2902 1145 2990 παρακατέστησε
1164 2926 1190 2966 ιτ

127 3007 157 3071 δ’
182 3008 270 3095 αὐτῷ
299 3009 355 3074 καὶ
384 3010 596 3093 συμβούλους
625 3009 800 3097 τέσσαρας,
831 3009 989 3096 Νέαρχόν
1020 3033 1056 3075 τε
1085 3013 1146 3077 τὸν

198 3201 216 3256 4
233 3204 298 3265 τούς
316 3200 464 3272 πολεμίους
481 3203 574 3258 Madv.
589 3204 602 3258 I
615 3222 642 3274 p.
653 3210 718 3273 5113
734 3207 765 3259 at
778 3204 813 3258 cf.
827 3203 866 3259 IV
877 3209 919 3271 84,
929 3210 955 3259 4.
996 3203 1158 3276 Κάπριμα]

126 3273 197 3341 ign.;
213 3273 246 3328 cf.
256 3274 382 3344 Droysen
395 3274 460 3327 11¹2
474 3293 501 3344 p.
509 3281 542 3329 25
553 3291 578 3329 ιι.
588 3281 616 3343 23
631 3275 738 3331 NieseI
750 3293 778 3344 p.
790 3281 841 3330 285
856 3291 881 3329 a.
893 3281 917 3331 8.
950 3275 969 3330 δ
982 3273 1146 3337 διακοσίους

127 3344 207 3399 codd.
227 3362 335 3413 omnes;
360 3343 511 3415 δισχιλίους
529 3347 591 3401 εδδ.
664 3347 700 3402 12
722 3346 889 3415 ἀφυλάκτως
906 3343 1096 3416 κοιμωμένους
1114 3347 1144 3402 F.

122 3415 161 3469 13
176 3414 355 3490 Εὐπόλεμον]
374 3415 539 3483 Πρεπέλαον
557 3417 615 3471 RX.
661 3418 802 3488 ἠνάγκασε
820 3418 850 3471 F.
924 3417 959 3473 19
982 3417 996 3472 ἐ
1020 3417 1145 3486 εδρεύειν

108 3492 172 3544 τοῖς
192 3486 289 3540 Madv,
311 3488 332 3542 Ι
349 3507 379 3559 p.
401 3494 453 3545 511
483 3489 559 3560 quod
587 3505 655 3546 sane
679 3489 812 3544 usitatius
837 3493 893 3557 est3
919 3488 954 3544 cf.
1060 3494 1104 3557 80,
1121 3495 1144 3544 1.

89 3548 134 3601 20
149 3555 340 3633 ύπώπτενεν]
356 3561 514 3622 ύπώπτενέ
530 3584 594 3629 πως
611 3564 644 3621 Ε.
706 3561 745 3620 25
762 3569 837 3633 τρεῖς
854 3558 967 3622 πλείους
978 3558 1044 3612 ffi-
