2460 3848
102 233 166 298 278
468 227 753 283 modonxxma.

101 377 187 453 κίαις
217 374 385 458 ἀδελφούς
413 374 434 458 ή
464 372 607 459 πατέρας
634 373 655 458 ή
685 375 806 450 παῖδας
835 371 952 458 ἐξήγεν
979 372 1034 439 ἐπὶ
1064 377 1129 442 τὸν

100 482 262 566 θάνατον,
286 480 369 547 ἀλλά
392 481 447 547 καί
470 480 626 558 πάππους
648 480 704 546 καλ
725 481 865 564 τούτων,
888 482 918 546 εί
939 481 1045 565 τύχοι,
1068 485 1129 549 καλ

101 588 243 674 πατέρας
266 586 443 674 περιόντας
465 586 708 672 ἐσχατογήρους
729 588 785 653 καὶ
802 597 875 665 ταῖς
892 588 985 664 ὅλαις
1004 589 1129 674 αἰσθή-

102 712 174 761 σεσι
210 697 266 761 διὰ
301 696 361 761 τὸν
397 692 522 779 χρόνον
557 696 621 779 ήδη
658 693 964 779 παραλελυμένους,
1000 691 1050 759 ἔτι
1087 697 1129 761 δὲ

101 804 242 887 νηπίους
269 803 390 878 παῖδας
417 800 455 867 ἐν
478 801 636 884 ἀγκάλαις
664 801 870 886 φερομένους
894 801 950 867 καί
972 807 1031 884 τής
1054 793 1128 867 ἐπι·
1161 827 1170 868 ι

102 908 288 994 φερομένης
317 909 429 985 αὐτοῖς
458 916 637 992 συμφορᾶς
662 909 823 990 οὐδεμίαν
853 908 1013 991 αίσθησιν
1043 913 1127 991 λαμ-

101 1001 273 1098 βάνοντας.
326 1003 493 1098 ήγον<το>
524 1015 562 1080 δὲ
591 1015 646 1080 καί
677 1025 833 1099 γυναῖκες
865 1016 940 1081 ὅσαι
972 1025 1128 1100 μετεῖχον

101 1119 301 1206 οἰκειότητος
328 1121 348 1206 ή
378 1124 572 1206 συγγενείας
598 1122 654 1187 καί
681 1123 830 1188 καθόλου
858 1130 922 1199 πῶς
949 1121 967 1186 ὁ
992 1121 1128 1204 μέλλων

101 1238 141 1314 τῇ
167 1231 249 1295 καθ’
266 1228 369 1294 αὑτὸν
391 1230 532 1316 τιμωρίηι
560 1229 669 1312 λύπην
692 1226 868 1313 ἐμποιῆσαι
892 1238 962 1306 τοῖς
987 1226 1042 1293 ἐπὶ
1066 1236 1127 1314 τῆς

65 1337 231 1421 3Λιβύης
258 1338 502 1418 ἀπολειφθεῖσι.
553 1341 680 1401 πολλοῦ
710 1335 748 1400 δὲ
777 1339 931 1419 πλήθους
957 1336 1013 1401 καί
1040 1356 1126 1402 παν·
1146 1361 1170 1400 ιο

100 1445 194 1509 τοίου
224 1444 308 1528 πρὸς
333 1444 395 1527 τήν
417 1443 589 1508 θάλατταν
612 1441 775 1527 ἀχθέντος
801 1441 856 1507 ἐπὶ
877 1445 940 1528 τήν
961 1445 1126 1529 τιμωρίαν

100 1550 156 1616 καλ
182 1561 251 1615 τῶν
275 1548 432 1633 σφαγέων
455 1547 651 1633 ἐφεστώτων
674 1549 803 1634 δύκρυα
829 1550 885 1615 καὶ
912 1549 1040 1634 δεήσεις
1067 1551 1126 1615 καὶ

100 1645 230 1742 θρήνος
253 1654 381 1739 ἐγίνετο
406 1656 633 1741 συμφορητός,
656 1651 704 1722 ὧν
727 1656 788 1739 μέν
812 1655 958 1740 ἀνηλεῶς
981 1680 1126 1741 φονευο-

100 1764 220 1846 μένων,
242 1749 302 1828 Αῶν
332 1763 370 1828 δὲ
399 1761 454 1827 ἐπί
483 1773 555 1840 ταῖς
583 1774 651 1828 τῶν
680 1765 823 1847 πλησίον
853 1773 1042 1849 συμφοραῖς
1071 1763 1125 1830 ἐκ·

100 1871 335 1954 πληττομένων
364 1870 420 1935 καὶ
451 1869 507 1934 διά
537 1871 574 1934 τὸ
605 1871 885 1954 προσδοκώμενον
917 1870 1019 1936 οὐδὲν
1051 1872 1124 1936 δια-

1145 1867 1170 1907 ιε

64 1995 81 2043 4
101 1974 276 2063 φερόντων
298 1987 370 2054 ταῖς
392 1987 515 2061 ψυχαῖς
537 1987 614 2042 τῶνΙ
628 1975 989 2062 προαποθνησκόντων.
1023 1979 1061 2043 τὸ
1086 1943 1170 2044 δὲ45ς

99 2085 235 2151 πάντων
253 2084 495 2169 χαλεπώτατον,
518 2088 652 2149 πολλῶν
673 2082 921 2169 ἀναιρεθέντων
948 2085 1004 2151 καὶ
1033 2088 1124 2170 παρά

99 2194 159 2258 τὸν
179 2192 332 2275 αἰγιαλὸν
355 2187 562 2275 ἐρριμμένων
584 2201 651 2255 τῶν
675 2192 835 2274 σωμάτων
858 2193 934 2256 ούτε
958 2193 1125 2276 συγγενής

101 2299 213 2376 ούδείς
240 2299 316 2363 ούτε
345 2298 442 2381 φίλος
470 2294 590 2379 ἐτόλμα
616 2299 692 2362 τινά
718 2298 883 2382 κηδεύειν,
912 2299 1125 2383 φοβούμενος

100 2407 144 2489 μή
173 2402 253 2494 δόξη
275 2404 537 2489 προσαγγέλλειν
560 2402 681 2470 ἑαυτὸν
703 2401 881 2490 μετέχοντα
903 2413 962 2490 τής
984 2403 1125 2471 ἐκείνων
1142 2428 1169 2468 το

64 2512 306 2595 εοίκειότητος.
353 2512 410 2576 διά
438 2511 476 2576 δὲ
498 2512 536 2575 τὸ
559 2516 690 2595 πλήθος
712 2523 780 2578 τῶν
804 2509 1044 2596 φονευθέντων
1068 2511 1124 2577 ἐπὶ

99 2627 159 2684 τοῦ
187 2619 332 2705 κύματος
359 2618 484 2702 συνέβη
511 2619 574 2701 τήν
600 2618 772 2684 θάλατταν
799 2618 854 2703 ἐφ’
875 2620 991 2684 ἱκανὸν
1018 2619 1124 2684 τόπον

100 2727 211 2807 αἵματι
233 2732 419 2810 κραθεῖσαν
437 2722 618 2811 πόρρωθεν
636 2727 828 2810 διαφαίνειν
846 2728 908 2811 τήν
930 2725 1125 2811 ὑπερβολήν

98 2839 158 2917 τής
179 2841 239 2897 τοῦ
263 2833 395 2910 πόθους
418 2829 592 2916 ὠμότητος.

170 3097 186 3151 1
206 3096 223 3166 ἢ
242 3100 348 3159 παῖδας
365 3095 383 3166 ή
401 3094 524 3164 πατέρας
542 3096 572 3150 F.
638 3097 656 3150 2
679 3097 728 3151 καὶ
751 3099 788 3166 (p.
807 3097 896 3166 τύχοι)
920 3114 973 3150 om.
993 3095 1015 3148 1⁴⁷
1035 3096 1064 3164 (f.
1079 3099 1122 3164 r.).

97 3169 116 3223 3
134 3168 239 3241 έοχάτῳ
258 3168 331 3244 γήρηι
348 3169 383 3235 F3
403 3168 593 3237 έσχατογήρως
611 3168 709 3232 Dind.;
731 3171 762 3222 αῖ
780 3169 815 3222 of.
831 3168 964 3223 Croenert
977 3185 1014 3221 m.
1029 3165 1075 3222 Gr.
1085 3168 1122 3222 H.

98 3259 125 3309 p.
145 3245 195 3294 168
213 3257 237 3293 a.
253 3246 277 3293 4.
334 3238 422 3310 ὅλαις]
456 3238 552 3301 ἄλλαις
580 3239 610 3294 F.
695 3241 710 3293 λ
739 3235 808 3309 ἦγον
835 3239 914 3308 libri;
944 3256 1012 3294 corr.
1036 3238 1122 3293 Dind.

98 3320 236 3381 γυναῖκας
253 3312 283 3364 F.
356 3311 374 3365 9
393 3310 553 3379 έμποιήσειν
571 3311 602 3364 F.
674 3311 710 3366 13
729 3309 836 3381 ἐγένετο
855 3311 885 3366 F.
930 3306 1072 3379 ἀφορητδς
1090 3310 1122 3375 F,

98 3400 167 3437 corr.
188 3389 212 3436 2.
227 3400 264 3435 m.
288 3383 318 3435 in
341 3398 430 3435 maro.
503 3382 599 3437 1314
621 3391 677 3436 τῶν
700 3382 751 3452 μὲν
774 3383 811 3444 ὡς
837 3379 1043 3451 φονευομένων,
1065 3390 1122 3436 τῶν

84 3453 120 3505 δέ
144 3452 194 3506 ἐπὶ
218 3454 250 3509 F.
327 3453 365 3510 14
387 3425 428 3510 osv
450 3450 478 3509 δ’
496 3452 542 3508 ἐπὶ
560 3453 682 3508 Kaelker
700 3472 727 3522 p.
743 3459 803 3507 307.
877 3453 913 3507 16
934 3457 1123 3523 προαποθνη-

70 3519 188 3577 ακότων
212 3524 249 3581 Χ,
333 3528 372 3586 17
395 3527 443 3586 ότι
464 3530 578 3584 πολλῶν
601 3527 634 3583 P.
709 3525 757 3580 18.
776 3524 814 3579 1θ
840 3524 934 3584 ολιδδις
957 3524 1020 3576 οῶτε
1043 3522 1125 3589 φίλος

55 3591 127 3644 ούτε
148 3600 296 3672 συγγενής
314 3602 349 3659 Ρ.
432 3604 466 3661 21
489 3602 540 3660 ἐπὶ
558 3610 614 3658 τοῖι
632 3599 794 3668 κλύσματος
807 3593 1060 3658 ΜῶδἾᾸθ-ὒῖδ·
